2684 5038
659 579 783 624 CAPUT
805 579 840 622 ll·
933 639 936 655 Ι

459 758 463 768 .
523 707 673 800 pedestre
695 705 891 787 concinnans
911 721 995 800 opus
1099 753 1103 756 -
1203 707 1207 716 ’

449 877 453 884 ,
521 811 986 902 landiTitisnnsartiiex.

322 933 428 1022 Quam
448 929 547 1020 igitur
561 929 739 1022 Aesopiam
759 929 949 1000 trimetriam
961 928 1037 999 dicit
1052 927 1231 1015 Ausonius,
1253 953 1294 998 ea

156 1097 169 1110 ,
219 1037 330 1106 Babrii
356 1036 514 1123 apologos
542 1030 681 1098 indicari
704 1033 969 1124 Cannegieter'us,
992 1033 1024 1119 ¹)
1051 1033 1192 1102 Gobries
1221 1032 1293 1100 sive

219 1139 331 1208 Babrii
360 1132 625 1203 Werttsdorfius
621 1129 653 1221 ²)
683 1135 834 1202 audacter
860 1135 1074 1217 affirmarunt,
1106 1149 1181 1228 post
1208 1157 1293 1226 quos

220 1239 388 1309 Harlesius
404 1239 433 1320 ⁵)
464 1249 494 1300 et
513 1217 745 1326 Bernhardyus
760 1241 790 1317 ⁴)
819 1235 908 1302 idem
929 1237 1128 1304 dubitantius
1122 1257 1294 1356 pronun-

191 1380 193 1389 *
221 1343 355 1412 cierunt.
396 1335 527 1410 Etenim
553 1337 624 1427 quis
652 1359 714 1426 pro
743 1352 832 1406 certo
862 1341 926 1405 tale
955 1339 1034 1429 quid
1062 1325 1145 1406 ausit
1165 1361 1294 1434 propo

220 1467 317 1524 nere,
325 1435 509 1531 siquidem
529 1442 617 1504 nulla
641 1439 765 1509 Titiani
786 1439 974 1528 fragmenta
984 1455 1118 1507 aetatem
1139 1444 1292 1509 tulerunt.

222 1541 386 1632 Quocirca
414 1561 479 1608 non
507 1539 610 1629 magis
639 1541 716 1606 huic
748 1539 790 1607 ‹le
818 1535 951 1611 Bahrio
972 1542 1159 1614 testimonio
1191 1542 1293 1610 fidem

220 1643 391 1714 habuerim
419 1641 578 1736 quamde
601 1637 792 1727 Quintiliani
813 1645 943 1730 locol,
972 1651 1010 1730 9,
1037 1623 1070 1714 2.
1090 1660 1230 1713 statuere
1250 1643 1293 1712 li-

220 1751 292 1827 bett
335 1744 439 1835 Igitur
465 1743 593 1834 Aesopi
619 1744 770 1829 fabellas,
805 1771 889 1835 quae
916 1699 1034 1815 fabulis
1061 1730 1294 1816 nutricularum

221 1849 373 1944 proxime
398 1846 589 1927 succedunt,
620 1869 751 1914 narrare
780 1872 930 1916 sermone
957 1875 1060 1942 puro,
1091 1865 1123 1917 et
1149 1847 1231 1916 nihil
1258 1872 1294 1915 se

58 2027 61 2034 ,
161 2038 166 2042 .
221 1978 320 2072 supra
337 1949 472 2018 modum
490 1949 673 2031 extollente,
696 1944 816 2016 deinde
837 1949 973 2018 eandem
990 1953 1199 2058 gracilitatem
1218 1951 1293 2018 stilo

224 2056 356 2143 exigere
378 2050 580 2121 condiscant.
603 2071 747 2119 versus
768 2051 877 2143 prhno
899 2055 1044 2138 solvere,
1066 2078 1146 2123 mox
1164 2051 1293 2153 mutatis

221 2159 331 2252 rerbis
351 2153 571 2245 interpretari:
593 2166 662 2219 tum
680 2154 870 2246 paraphrasi
892 2153 1045 2223 audacius
1064 2170 1210 2238 vertere,
1230 2177 1294 2244 qua

224 2275 256 2328 et
283 2258 432 2354 breviare
452 2254 634 2344 quaedam,
655 2269 696 2323 et
722 2275 897 2341 exornare,
929 2261 1020 2327 salvo
1047 2258 1150 2326 modo
1177 2271 1294 2349 poetae

223 2387 335 2443 sensu,
359 2345 586 2450 permittiturf‘
657 2370 680 2406 *
1339 2367 1340 2372 ’

329 2461 390 2530 His
417 2460 561 2528 breviter
586 2458 730 2528 decursis
751 2473 935 2552 temporum
956 2459 1040 2530 ratio
1060 2484 1121 2529 nos
1141 2429 1231 2528 iubet
1251 2437 1296 2526 ad
1339 2383 1340 2496 l

223 2567 420 2636 Lexicorum
447 2577 594 2631 auctores
622 2563 796 2659 progredi:
824 2589 963 2654 quorum
991 2563 1048 2655 qui
1069 2587 1185 2654 agmen
1206 2561 1296 2629 ducit

224 2668 376 2738 Suidas
405 2665 597 2756 ampliorem
627 2665 669 2731 de
691 2665 813 2734 Babrio
834 2668 923 2734 solus
944 2666 1050 2735 nobis
1057 2664 1190 2735 tradidit
1210 2662 1297 2732 uoti·
1338 2739 1339 2750 χ

127 2756 130 2771 '
223 2769 316 2838 tiam.
355 2765 408 2832 De
443 2767 533 2834 cuius
562 2768 697 2836 articulo
725 2768 879 2866 quoniam
907 2787 1004 2858 supra
1033 2767 1215 2858 expositum
1239 2780 1297 2850 est,
1290 2809 1339 2860 ,;

223 2876 291 2942 hoc
308 2874 394 2954 loco
402 2867 512 2936 licebit
532 2865 685 2938 uberiore
707 2869 895 2959 quaestione
908 2869 1131 2961 supersedere.
1175 2869 1298 2938 Suidae

224 2999 267 3042 ex
295 2969 453 3040 eiusdem
470 2970 599 3060 generis
627 2970 840 3072 scriptoribus
868 2972 1072 3062 adjungimus
1094 2971 1298 3040 Zonaram

224 3102 252 3145 s.
280 3075 429 3158 r.''1hc,
469 3073 786 3192 Etymologique
811 3073 952 3166 Magni
993 3067 1213 3143 auctorems.
1240 3099 1297 3143 vv.

257 3268 260 3278 '
327 3273 355 3340 1)
373 3271 448 3325 Diss.
466 3268 503 3322 de
521 3267 683 3338 Avianop.
697 3269 755 3323 275.
791 3267 853 3335 ,Ad
873 3267 949 3323 hunc
967 3277 1060 3324 autent
1078 3225 1181 3324 luliuin
1201 3268 1296 3324 Titia-³

109 3405 115 3424 Ι
177 3371 179 3384 “
224 3375 292 3412 ιιιιιιι
313 3360 581 3426 patremrevertor3
609 3351 724 3404 iseuim
743 3359 800 3416 est,
823 3351 933 3424 dequo
952 3351 1128 3419 potissimum
1147 3341 1297 3410 hicnobis

224 3438 398 3506 dicendum,
422 3436 497 3510 qnod
514 3435 563 3488 itte
579 3431 690 3488 fabulas
709 3433 845 3504 Aesopias
863 3432 988 3504 scripsit,
1007 3449 1066 3486 non
1081 3450 1140 3487 ass
1154 3433 1296 3504 inventes,

153 3571 155 3578 ,
220 3525 275 3594 ⁴,ted
287 3543 323 3577 ex
339 3521 452 3576 Graecis
468 3517 598 3582 Gobriae,
615 3527 645 3570 ut
660 3516 816 3585 suspicatur
825 3516 953 3582 vinetus,
968 3515 1100 3592 equidem
1114 3520 1295 3587 putoBabrii,

224 3623 321 3660 versas
343 3604 473 3658 Latine.“
493 3606 538 3642 -'
559 3603 587 3666 2)
606 3600 740 3656 Wernsd.
765 3600 801 3654 de
827 3615 912 3654 carm.
932 3599 1033 3658 Avian.
1060 3598 1094 3658 iu¹
1109 3605 1186 3658 Poet.
1210 3605 1241 3658 L.
1257 3608 1297 3660 M.

225 3689 311 3756 Tem.
328 3687 366 3742 V.
389 3690 418 3740 P.
437 3689 472 3740 ll.
497 3705 524 3756 p.
543 3685 602 3741 666.
640 3683 783 3756 „Apologi
801 3681 919 3754 Aesopii
944 3682 1079 3752 trimetri,
1108 3703 1179 3760 quos
1202 3687 1294 3742 Titia·

177 3765 181 3775 '
224 3789 293 3826 num
318 3769 437 3825 vertisse
462 3767 605 3825 Ausonius
629 3767 744 3832 scribit,
776 3767 850 3821 haud
875 3763 962 3820 dubie
986 3768 1075 3838 iphius
1100 3778 1165 3824 sunt
1191 3770 1299 3840 Babrii,

225 3871 310 3930 quent
334 3852 461 3910 Avienus
493 3852 642 3926 nominat.
675 3849 787 3922 Quippe
811 3849 967 3904 hodienum
992 3851 1152 3908 tetrasticha
1171 3854 1299 3912 trimetra

148 3987 152 3993 .
216 3941 261 4000 ,de
278 3936 390 3994 fabellis
408 3937 540 4007 Aesopiis
566 3937 617 3993 sub
637 3935 758 3990 Gabriae
780 3936 827 3990 vel
847 3931 941 3988 Babrii
966 3935 1085 3992 nomine
1110 3943 1240 3995 extant·“
1264 3971 1298 3984 ·-
1335 3939 1336 3942 ’

194 4014 251 4092 ,8)
275 4022 383 4078 Harles.
403 4021 539 4078 tri-tatu.
564 4022 600 4077 de
625 4023 741 4091 Aesopo
768 4021 801 4078 C.
818 4021 878 4074 ΧΗ.
918 4021 1018 4089 „Fecit
1044 4031 1137 4078 autem
1160 4028 1299 4095 postilla

113 4104 115 4110 ’
193 4167 200 4176 ,
223 4117 351 4178 tempore
368 4105 454 4162 lulius
469 4107 599 4162 Titianus
614 4107 723 4172 rhetor,
743 4123 759 4159 a
777 4122 833 4179 quo
846 4105 940 4160 Aeso
954 4104 1298 4178 piamtrtmetriam,

133 4187 138 4192 ’
222 4193 353 4260 honest,
380 4204 410 4246 ut
429 4211 482 4265 ego
501 4194 635 4259 coniicio,
659 4191 768 4248 fabulas
790 4193 883 4246 Babrii
897 4181 1019 4250 'Graecis
1034 4195 1200 4252 choliambis
1223 4199 1298 4252 scri«

223 4288 301 4350 ptas,
328 4276 455 4357 prosario
474 4296 607 4334 sermone
623 4280 722 4332 Latino
741 4287 856 4335 testatur
873 4271 1025 4332 Ausonius
1028 4280 1092 4322 “-·
1128 4284 1156 4347 t)
1176 4283 1297 4336 Grundr
1334 4281 1335 4310 ³

224 4363 251 4414 d.
271 4365 367 4416 Roem.
387 4361 452 4414 Litt.
479 4381 506 4434 p
524 4365 589 4418 252.
604 4381 670 4416 ann.
686 4365 746 4418 479
781 4352 962 4429 „Weiterhin
980 4363 1116 4421 hominen
1133 4365 1180 4420 die
1197 4367 1298 4420 metri-

222 4446 351 4583 ephon
322 4447 474 4518 Apologen
489 4446 540 4506 des
549 4441 634 4506 lulum
645 4447 774 4526 Titiaups
793 4463 854 4514 ror,
871 4463 921 4502 aus
937 4445 1052 4504 Babrius
1063 4447 1121 4506 trie
1140 4465 1169 4504 es
1184 4448 1297 4505 scheint

221 4545 239 4584 ιι
261 4533 421 4622 ertragenfl
