2684 5038
325 527 526 576 susurru.
553 499 846 594 surranum.
1031 565 1034 578 ,
1076 503 1119 566 65

47 655 151 727 lum
154 683 204 729 ex
221 673 407 751 utraque
420 671 557 750 parte,
579 656 732 750 quod’
713 685 809 762 appe
800 657 993 727 Graece
1009 658 1120 727 dici-

27 769 109 827 'tur
140 761 355 879 claudum,
389 761 464 829 sed
489 758 598 851 quod
628 749 782 829 Graeci
789 760 937 848 χωλὸν
957 775 1118 854 vocant.

51 853 246 942 (Novissima
266 863 394 930 mireris
408 862 519 944 dicta.)
563 861 735 960 Spondeus
750 876 857 928 tamen
878 863 942 928 hoc
962 865 1038 930 loco
1057 888 1121 952 po·

18 953 20 969 ¹
51 962 123 1030 situs
153 989 227 1030 cum
253 964 389 1034 iustum
403 965 499 1033 metri
526 965 740 1052 choliambici
760 965 932 1032 decursum
952 965 1119 1066 impediat,

50 1062 142 1130 Plotii
154 1079 377 1156 praeceptum
405 1087 472 1131 non
502 1065 608 1132 minus
634 1065 667 1130 in
691 1060 919 1170 suspicionem
929 1049 1121 1158 adducimus
1218 1075 1221 1086 ¹

51 1187 143 1252 quam
166 1159 328 1234 Codicum
350 1156 546 1254 scripturam
566 1153 649 1264 frag.
669 1166 761 1246 VIII,
787 1171 865 1234 2

251 1280 393 1351 Ἰδών
356 1291 491 1364 κακεῖνος
507 1289 540 1351 ἐν
558 1283 698 1370 μέρει
662 1291 721 1394 ιιιιι
737 1279 856 1372 ἡλώκει.

52 1399 163 1492 Neque
180 1401 319 1470 Parisini
339 1404 364 1471 Ι.
384 1402 553 1494 scriptura

177 1563 179 1571 ‹
253 1523 446 1634 ΚιῖιιιινιιςὸἸ
462 1521 573 1590 loc
540 1552 595 1603 τας
609 1547 754 1609 σιαιοιας
766 1531 862 1606 notor
919 1537 920 1542 ’
986 1552 991 1560 “
1098 1519 1099 1526 ¹

53 1639 135 1728 apud
159 1638 341 1708 Suidams
359 1667 391 1711 v.
413 1637 519 1728 Πρῖων
541 1665 618 1707 sana
640 1656 700 1710 est.
743 1629 809 1708 Sed
830 1622 927 1708 infra
937 1628 1016 1709 haec
1032 1641 1125 1734 copi·
1140 1689 1142 1696 ·

53 1741 136 1808 caius
161 1752 373 1832 exponemus.
422 1753 424 1762 “
457 1785 460 1794 ‚

153 1843 365 1936 Quapropter
403 1847 441 1916 G
476 1845 713 1917 Schneiderum
747 1860 890 1930 secutus,
924 1846 1010 1937 qui
1023 1849 1125 1914 verba
1186 1904 1192 1928 ,

53 1946 263 2036 transposuit,
297 1943 539 2038 corruptionem
563 1947 641 2013 inde
673 1944 843 2014 subnalam
868 1965 951 2013 esse
966 1946 1124 2036 suspicor,
1196 2023 1229 2038 ..

55 2046 140 2133 quod
166 2046 366 2136 collectionis
392 2047 529 2152 opifex
529 2047 571 2113 ad
592 2047 775 2132 litterarum'
786 2046 944 2114 ordinem
966 2037 1137 2136 apologos,
1163 2101 1166 2108 .

56 2154 299 2243 coagmentavit.
358 2153 407 2222 Cf
432 2155 511 2274 Cap.
521 2135 601 2224 'Ill
627 2181 663 2272 p·
688 2157 746 2222 45.
780 2153 862 2221 Iam
891 2147 1024 2239 γέννημα
1059 2151 1125 2244 „de

55 2255 261 2325 animantium
280 2258 416 2325 subole“
424 2258 571 2352 antiquis
586 2258 736 2323 usitatum
749 2256 850 2326 fuisse
864 2255 974 2324 Lobf
962 2257 1126 2345 ruPhryu.
1149 2313 1152 2324 ,

55 2378 82 2444 p
96 2361 174 2426 286
193 2359 355 2448 probavit.
399 2359 454 2426 Sic
472 2359 572 2426 catuli
585 2358 761 2483 vulpis
714 2387 763 2426 τα
769 2358 956 2446 γεννήματα
975 2345 1126 2422 dicuntur

57 2455 88 2522 in
109 2458 177 2525 fab.
205 2459 230 2524 l.
251 2460 340 2536 Fur.;
369 2449 423 2526 tle
430 2461 533 2528 ursis.
576 2491 595 2547 η
585 2460 698 2527 ‘’'rll
676 2487 788 2542 αρατος
815 2467 908 2528 τίκτει
934 2461 990 2543 μὲν
999 2454 1136 2540 cupra,

59 2559 184 2632 πλάττει
205 2563 239 2631 δὲ
262 2593 313 2630 ιιαι
306 2553 505 2651 ἄρθροι
474 2587 510 2630 το
522 2568 655 2654 ιέννιιιια
674 2593 715 2649 τῳ
727 2561 859 2646 στόματι
879 2563 930 2654 καὶ
950 2561 1031 2646 πρὸς
1046 2558 1131 2676 antioc
1234 2591 1243 2622 ι

59 2661 186 2760 ζῴοιι’
152 2695 192 2732 τα
210 2669 287 2754 μέλη
307 2676 406 2746 τυποῖ,
429 2666 512 2733 Poll.
533 2666 582 2749 V,
604 2668 655 2734 80
669 2664 847 2764 usurpavit.
902 2675 904 2680 ’

158 2781 364 2896 2ὲλθοιισα
410 2780 492 2866 Cum
509 2807 626 2864 φρονος
644 2779 709 2848 hoc
727 2782 804 2847 loco
826 2780 872 2846 ad
889 2779 1032 2860 matr'em
1043 2785 1132 2924 refe-

63 3006 164 3070 genus
201 2982 350 3052 universe
383 2982 613 3072 significavit,
635 2927 810 3075 praeeunte
845 2985 1022 3054 Aristotele
1047 2919 1132 3056 llist.

63 3083 173 3152 Anim.
194 3085 254 3168 IX,
276 3085 337 3167 27,
360 3087 411 3151 18.
435 3083 587 3152 Schneid.
609 3083 763 3152 ἇιιόλλυοι
786 3085 819 3152 δὲ
837 3089 888 3154 καὶ
909 3089 926 3156 ὃ
940 3115 1061 3170 φρονος
1071 3109 1135 3163 τας

66 3189 253 3270 pellerem·³
239 3189 287 3253 eni
308 3181 580 3328 τὰςειςόδοιιιιὰρ
598 3183 706 3252 ἐλθὼν
724 3213 823 3287 cusp,
853 3192 1022 3318 vulgarem
1038 3181 1154 3311 usuris

65 3287 220 3384 expressit
242 3288 356 3380 fragm.
377 3289 491 3358 VI:'

157 3389 196 3456 ‘O
220 3387 299 3506 6³³³
269 3416 333 3456 ειπε
350 3369 487 3479 slavicae
506 3415 635 3474 operor,
658 3390 723 3480 οὐχὶ
741 3393 872 3478 porcium

132 3527 134 3536 v
163 3484 245 3554 τουτ’
270 3490 350 3555 ἐστὶν
372 3491 463 3578 ἡμῖν,
486 3489 650 3574 φροντίδος
671 3491 706 3584 δὲ
727 3494 781 3557 καὶ
792 3488 898 3576 llam.
920 3526 962 3542 --

66 3600 175 3676 αὐτόσε
195 3605 311 3686 Furia,
339 3595 523 3687 cuiusmodi
543 3606 623 3674 uitia
641 3631 738 3696 saepe
755 3619 937 3676 recurrunt.
982 3604 1136 3696 Bergeri-
1204 3648 1209 3651 v

66 3735 160 3778 auum
174 3709 272 3778 οἴκαδ’
287 3710 397 3778 nescio
416 3733 512 3798 quam
527 3711 570 3776 ob
586 3734 715 3776 causam
732 3709 800 3776 eius
814 3705 952 3777 Censori
968 3707 1138 3799 placuerit.

166 3817 197 3884 3.
223 3812 427 3922 Anapacstus
453 3809 561 3900 primo
584 3811 662 3879 loco
689 3809 813 3901 positos
841 3817 913 3880 uon
928 3808 974 3876 ita
990 3834 1067 3880 raro
1086 3809 1138 3878 iti-

64 3915 206 4012 venitur,
228 3905 304 3980 vid.
317 3910 463 4001 Hippon.
482 3907 524 3977 fr.
543 3909 571 3978 Ι.

163 4028 314 4132 Ἐβότιοι
313 4038 425 4109 Μαίας
444 4032 560 4116 παιδα,
583 4031 746 4131 Kollr'spc
765 4032 898 4120 πάλιιυν.
979 4025 981 4030 ⁸
1078 4015 1081 4023 Δ

165 4151 240 4220 Nisi
266 4151 354 4221 forte
382 4155 566 4243 exemplum
593 4151 675 4218 illud
696 4155 874 4239 elevamus,
903 4171 938 4222 ut
957 4148 1067 4242 ἐβόησε
1085 4180 1140 4222 ra·

69 4252 155 4324 tione
173 4255 307 4324 Ionibus
328 4253 486 4348 peculiari
510 4253 612 4320 tribus
637 4253 770 4346 syllabis
795 4256 1042 4364 pronuncietur.
1063 4253 1141 4324 Atia

72 4367 177 4428 temen
196 4372 272 4428 suut
291 4357 442 4466 exempla
463 4356 540 4438 satis
558 4355 667 4424 firma·

832 4459 962 4536 „c
