2684 5038
836 487 852 524 ὃ

74 615 78 626 '
181 615 226 682 22
636 630 761 674 orror
782 629 805 673 r.
924 643 928 652 ·

182 782 278 852 passe
298 755 403 828 finxit.
444 755 539 826 Prius
558 769 665 822 tamen
688 756 726 824 G.
749 753 943 826 Schneideri
965 752 1156 848 opinionem
1176 751 1273 836 (An-

183 873 262 935 nou.
289 885 323 950 p.
349 857 420 947 44.)
446 857 695 950 expendendam
723 856 806 926 mihi
835 845 994 941 arbitror,
1032 855 1090 948 qui
1123 857 1274 924 liubulam

143 985 150 1010 ··
185 959 393 1032 ccccxlv.
435 959 511 1029 Fur.
530 957 717 1046 Ὁδοιπόρας
737 962 791 1027 καὶ
809 959 959 1046 mndata
980 983 1024 1025 ex
1044 961 1193 1028 versibus
1215 983 1277 1028 se-

122 1089 124 1096 ·
183 1062 284 1130 uariis
297 1063 399 1150 tribus
416 1077 452 1129 et
472 1062 706 1158 Hipponacteis
727 1083 791 1130 seu⁴
804 1062 1018 1151 compositum
1039 1087 1111 1130 esse
1133 1074 1276 1129 conten-

186 1163 281 1230 derit.
322 1153 378 1231 Ab
400 1165 464 1232 hoo
486 1177 594 1230 autem
617 1167 770 1256 exemplo
791 1164 820 1231 si
835 1165 1034 1250 recesseris,
1057 1163 1273 1236 nullumhur-

184 1263 237 1330 ius
258 1264 386 1355 generis
407 1261 555 1358 invenire
573 1265 660 1333 licet.
702 1267 749 1334 At
769 1263 924 1356 Eupolis,
945 1265 1067 1356 inquit,
1086 1265 1181 1334 istam
1191 1263 1275 1332 sibi

185 1366 348 1434 licentiam
380 1364 525 1433 indulsit.
585 1353 768 1436 Prisciairus
810 1366 898 1434 enim
932 1367 1068 1434 tradidit
1100 1391 1134 1458 p.
1170 1368 1274 1434 1328.

185 1468 315 1536 Putsch.
348 1466 527 1560 Eupolis
563 1467 754 1547 Βάπταις
787 1493 876 1537 ctum
905 1467 947 1536 in
982 1469 1079 1536 aliis
1112 1467 1274 1543 iambis

155 1570 378 1639 .eiusdem
403 1569 579 1636 fabulae
610 1584 726 1637 recta
759 1585 822 1638 est
850 1564 1159 1644 obseruatione
1185 1593 1276 1635 me·
1338 1559 1339 1566 ¹

187 1671 346 1740 trorum
367 1695 480 1754 usus,
502 1672 577 1741 hos
598 1685 734 1739 temen
761 1673 911 1766 posuit
933 1673 975 1742 in
1000 1672 1093 1742 fin-e
1118 1671 1275 1738 haben-

192 1787 255 1841 tes
275 1773 505 1867 spondeos:
546 1848 550 1858 „
1038 1781 1040 1788 ’

341 1907 466 1979 ’alciora
494 1911 599 2001 πάσχω
617 1919 732 1998 ταῦτα,
753 1915 808 1982 nal
829 1911 874 1999 μά
897 1913 951 1992 τάς
969 1909 1097 1998 νύμφας.

344 2013 459 2082 Πολλά
479 2017 535 2101 μὲν
557 2005 754 2110 virdinum,
776 2017 825 2084 rai
842 2015 888 2102 μά
908 2016 962 2100 τὰς
984 2013 1134 2102 κράμβας.

71 2215 74 2222 ,
190 2143 434 2220 Grammaticos
462 2145 597 2214 Latinos
631 2159 812 2229 metrorum
843 2144 1032 2238 saepissime
1068 2171 1103 2214 se
1136 2146 1290 2236 ignaros,

189 2247 408 2340 praebuisse,
420 2247 493 2338 quis
514 2247 614 2316 hodie
635 2247 760 2317 nescit?
779 2249 895 2338 Neque
915 2271 996 2315 vero
1024 2246 1182 2318 Prisciani
1210 2247 1275 2316 ob-

123 2385 128 2394 ·
189 2349 407 2420 servationem
428 2349 580 2442 repudio.
622 2349 762 2434 Videtur
790 2349 878 2418 enim
905 2348 1058 2418 Comicus
1084 2349 1274 2440 iambogra-
1338 2431 1339 2446 χ

181 2453 331 2542 'phorum
343 2453 561 2546 quempiam,
574 2449 636 2544 qui
651 2454 788 2519 multum
809 2450 909 2525 fallor
936 2466 990 2518 aut
1016 2450 1166 2550 Ananirps
1190 2449 1268 2534 fuit,

97 2590 107 2610 ·
187 2553 371 2623 novissimo
400 2568 486 2622 certe
513 2579 612 2622 versu
644 2550 1076 2644 ludificansperstrinxisse.
1119 2522 1273 2622 Celerum

193 2668 251 2720 aut
269 2656 431 2748 corruptis
451 2650 601 2724 uersibus
623 2670 678 2722 aut
703 2679 805 2748 prava
832 2655 1118 2746 grammaticorum
1137 2650 1275 2720 Latino·
1321 2655 1323 2658 ’

188 2780 264 2822 rum
286 2755 435 2824 doctrine
457 2757 569 2823 nititur
591 2756 836 2848 opini0„quae
857 2756 1059 2824 choliambos
1078 2772 1161 2822 'cum
1189 2750 1274 2820 iam-
1337 2801 1338 2812 .

187 2856 241 2922 bis
293 2857 496 2927 continuatos
535 2857 645 2925 fuisse
671 2859 792 2950 posuit.
854 2856 1033 2960 Heliodori¹
1044 2925 1047 2932 ,
1062 2866 1274 2952 praeceptum

188 2954 278 3046 apud
306 2956 508 3025 Priscianum
534 2984 569 3050 p.
598 2961 694 3027 1327.
742 2959 874 3029 Putech.
902 2959 1133 3046 „Heliodorus
1159 2954 1273 3022 metri-

163 3118 165 3123 .
189 3080 248 3153 pus
270 3055 330 3126 ait:
346 3059 498 3138 Ἱππῶναξ
519 3059 622 3127 πολλὰ
640 3063 761 3148 παρέβη
782 3067 842 3130 τῶν
862 3061 1037 3148 ὦρισμένων
1057 3065 1090 3130 ἐν
1110 3070 1177 3135 ποῦς
1198 3055 1272 3144 ἰάμ-

188 3163 276 3246 βοις,
310 3160 375 3236 boc
397 3173 461 3244 est,
494 3160 724 3252 Hipponax
758 3164 890 3227 multa
916 3158 1163 3253 praeteriit,
1181 3157 1221 3225 ἦ.
1243 3181 1270 3224 e.

187 3259 422 3350 praetermisit,
457 3261 696 3354 praefinita
732 3261 773 3329 in
798 3257 1040 3345 iambicis,“
1069 3276 1152 3354 etp.
1174 3261 1271 3327 1328.

188 3358 457 3454 „Hipponactem
479 3363 575 3431 etiam
597 3350 738 3430 ostendit
758 3363 960 3433 Heliodorus
985 3363 1125 3446 iambos*⁸
1137 3375 1169 3428 et
1190 3361 1271 3429 cho·
1301 3391 1303 3394 ·
1335 3419 1336 3430 ,

188 3462 334 3531 riambos
356 3463 640 3548 [oholiambos
663 3463 780 3548 dicit]
809 3463 944 3534 confuse
965 3461 1184 3555 protulisse:“
1208 3463 1272 3528 hu-

188 3561 240 3630 ius
257 3562 359 3654 igitur
375 3564 503 3659 metrici
522 3545 733 3658 prdeoeptum
752 3563 1078 3655 Schweighiiriserum
1097 3563 1133 3630 in
1149 3562 1273 3632 Athen.

190 3665 294 3733 '1¹om.
314 3665 358 3750 H,
388 3659 425 3758 p.
445 3671 498 3738 36.
520 3691 587 3736 non
615 3667 772 3748 inducere
802 3653 956 3749 debebat,
993 3679 1045 3762 ut·
1060 3665 1268 3732 scazontibus

131 3795 137 3810 ¹
187 3766 316 3838 iambos
334 3793 436 3858 puros
458 3755 559 3840 inseri
578 3767 824 3862 pronunciaret,
855 3763 1271 3858 quod'merito..Hermerr-
1334 3761 1335 3770 ’

187 3873 249 3942 nis
269 3870 375 3937 Elem.
396 3870 495 3940 Doot.
516 3871 594 3939 Met.
616 3871 699 3956 l.11,
718 3893 746 3936 c.
768 3871 820 3952 15,
841 3895 874 3962 p.
898 3867 1127 3960 144.'negevit,
1148 3867 1270 3940 suffra·

186 3985 286 4062 gente
305 3970 491 4042 Welclrero'
508 3972 712 4064 in'Hippon.
733 3997 769 4063 p.
788 3975 865 4040 38.·
1333 3967 1334 3972 ’

240 4128 247 4144 ·
290 4106 357 4176 Sed
379 4101 501 4186 utiam
522 4127 563 4173 eo
584 4117 806 4188 revertamur,
843 4101 932 4170 unde
955 4091 1066 4175 exorsi
1085 4125 1214 4170 sumus:
1233 4099 1272 4168 in

138 4269 141 4277 ,
186 4207 297 4276 fabula
318 4229 402 4298 quae
422 4204 610 4274 inscribitur
626 4204 891 4300 ‘Odomo‘pouuoel
914 4203 1062 4292 Ἀλαθαία
1089 4204 1175 4270 banc
1200 4224 1271 4271 non

36 4386 39 4398 Ι
142 4392 146 4398 ¹
186 4307 388 4378 admittimus
424 4304 622 4375 licentium*
666 4305 803 4375 Tertius
836 4305 923 4372 enim
961 4328 1077 4374 eorum
1107 4327 1198 4398 quos
1230 4303 1270 4372 G.
1332 4385 1333 4404 Χ

176 4404 408 4490 'smneiderus
429 4408 465 4478 in
485 4408 634 4476 medium
653 4407 790 4504 protulit
810 4407 1031 4496 senariorum,
1135 4479 1137 4491 ,

288 4574 297 4596 .
356 4545 551 4635 ‘Odornuonir
571 4543 741 4632 dissipemur
761 4550 804 4628 εἰς
827 4549 954 4632 ἐρημίαν
