2684 5038
161 593 263 670 '¹28
367 633 374 638 -
658 611 862 680 catoris,
936 626 939 634 ¹

216 737 381 820 strationis
394 745 503 816 locuni
517 742 676 816 obtinebit
678 743 926 848 secundarium,
942 715 1137 864 quamquam
1150 741 1259 814 istud
1247 767 1301 811 ιιι-

217 853 341 920 dioium
355 851 430 918 licet
442 849 640 940 aliquantum
654 827 845 914 addubitare
858 847 899 932 ¹)
921 847 1093 946 Asianus
1082 847 1181 938 tgitur
1191 846 1300 914 Praei·
1337 830 1338 948 l

95 951 101 963 ’
197 961 335 1049 ἰι-5
298 957 392 1021 —as
415 951 551 1034 Huius
572 951 892 1038 ergomsterrae
914 949 1059 1018 ducem
1079 951 1338 1020 nobrsAe

218 1081 363 1148 sopum
384 1052 574 1136 noveris,
598 1051 668 1140 qui
689 1075 894 1142 responso
912 1033 1338 1144 DelpbioiApolli-l

216 1156 487 1227 nirmonitus
505 1152 692 1225 ridicula
714 1175 835 1222 orsus
858 1167 934 1236 est,
956 1168 1000 1220 ιιι
1019 1153 1197 1243 legenda
1216 1153 1302 1219 fir-

169 1291 178 1314 ι
217 1253 349 1335 ritaret
369 1251 383 1326 .'
401 1258 553 1346 Verum
574 1256 648 1322 has
670 1278 748 1345 pro
770 1257 961 1345 exemplo
981 1253 1147 1328 fabulas
1169 1269 1209 1323 et
1227 1253 1301 1324 So·

41 1431 44 1438 ,
216 1377 354 1432 crates
375 1356 534 1427 divinis
556 1354 758 1450 operibus
780 1354 949 1439 indidit,
964 1343 1201 1448 etpoemati
1219 1379 1297 1426 suo

27 1461 33 1478 '
130 1508 132 1516 ι
215 1465 389 1535 Flaccus
412 1457 591 1556 aptarim
612 1455 720 1547 quod
741 1455 784 1526 in
805 1481 867 1542 se,
887 1459 960 1525 sub
981 1457 1171 1527 iocorum
1191 1481 1300 1528 cem·

200 1565 398 1638 'munium
423 1560 588 1654 specie,
619 1561 735 1628 vitae
769 1575 1006 1650 argumenta
1040 1562 1339 1632 contineautti

216 1693 318 1763 quas
341 1663 519 1737 Graecis
546 1661 697 1732 iambis
719 1659 899 1730 Babrius
927 1677 1124 1760 repetens
1151 1664 1199 1732 in
1214 1664 1298 1732 duo

121 1807 126 1818 ·
215 1771 431 1842 volumina
465 1761 687 1835 coartavit.
734 1763 951 1834 Phaedrus
981 1765 1105 1834 etiam
1136 1781 1297 1860 partem

140 1913 143 1924 ·
217 1867 398 1964 aliquam
421 1863 626 1959 quin'zque
619 1863 679 1932 in
707 1865 885 1936 libellos
912 1867 1104 1938 resolvit.
1153 1871 1241 1958 Hinc
1269 1866 1297 1936 si

216 1976 405 2046 coniectura
418 1971 498 2038 licet
518 1964 640 2060 aliquid
654 1951 800 2062 assequi,
821 1969 961 2038 Babrius
974 1969 1177 2040 Horatium'
1165 1986 1252 2060 mter
1266 1983 1298 2040 et
1339 1985 1340 1994 ’

215 2077 403 2150 llbasdrum
420 2071 518 2142 luerit
538 2070 719 2162 ponendus.
769 2068 935 2159 Quouiam
961 2089 1070 2142 tamen
1092 2098 1134 2142 ua
1155 2072 1297 2143 Phaedri
1339 2059 1340 2146 l

215 2180 352 2273 quidem
373 2189 460 2244 aetas
481 2183 574 2242 eitra
593 2176 851 2258 controversiam
872 2195 920 2247 est
944 2181 1076 2274 posita,
1095 2171 1192 2248 etiam
1215 2179 1296 2243 baeu

215 2280 374 2374 temporis
394 2275 572 2368 descriptio
592 2277 735 2348 ιιιιοιιιι.
769 2280 895 2369 ¹Qui
867 2305 894 2349 ιι
917 2283 1059 2358 Tiberio
1072 2282 1223 2375 principe
1245 2281 1297 2350 vi·

172 2425 175 2433 ·
216 2385 282 2469 xit,
310 2407 396 2476 quae
423 2381 567 2483 vulgatis
597 2397 645 2450 est
666 2384 852 2475 persuasio,
880 2385 1073 2486 Tyrwbittl
1088 2386 1296 2479 opinionon

214 2490 358 2558 multum
375 2485 416 2554 ab
436 2493 519 2554 vero
548 2482 682 2568 aluerit,
711 2485 769 2576 qui
794 2487 855 2553 sub
874 2487 1027 2577 Augusto
1046 2488 1201 2556 Babrium
1226 2458 1291 2554 llo·
1340 2522 1341 2536 ι

215 2588 322 2667 ruisse
343 2587 555 2660 contenderit.
589 2587 733 2655 Interim
751 2589 851 2678 paulo
872 2589 1219 2683 certioremtemporis
1232 2611 1296 2656 uo-

216 2689 382 2761 tamhiuc
396 2691 556 2774 eruimus,
579 2690 674 2780 quod.
683 2687 823 2758 Horatio
837 2691 976 2759 Babrius
989 2692 1202 2783 subiungitur.
1230 2690 1297 2757 Ba-

125 2837 130 2842 ·
215 2791 307 2861 brius
326 2806 435 2862 utrum
455 2783 585 2861 Horatii
602 2792 716 2864 Satiris
736 2809 814 2858 usus
835 2793 877 2860 sit
897 2789 938 2860 au
960 2808 1086 2878 contra,
1116 2792 1188 2886 quis
1214 2791 1297 2860 ausit

217 2894 429 2970 affirmasse
447 2896 501 2964 Ex
521 2893 686 2965 communi
705 2908 815 2962 tamen
845 2896 1027 2962 fabularum
1053 2896 1147 2966 fonte
1171 2909 1297 2966 utrum-

118 3040 123 3048 ·
218 3023 283 3089 que
301 2997 447 3064 hausisse
468 2997 658 3080 similitudo,
687 3020 772 3086 quae
792 2995 878 3065 inter
903 2996 1069 3090 utriusque
1096 2997 1223 3076 fabulas
1239 2996 1295 3063 in·

107 3143 108 3150 ,
169 3185 172 3194 Ι
216 3099 371 3184 tercedit,
401 3099 492 3168 credi
512 3099 618 3167 iubets
643 3101 734 3166 velut
758 3096 788 3165 si
817 3121 1041 3190 comparamus
1061 3090 1174 3167 Babrii
1200 3098 1295 3165 iabu-

215 3203 283 3273 lam
309 3207 397 3280 Βοῦς
425 3201 477 3270 καὶ
509 3203 631 3287 Φρῦνος
656 3199 744 3292 apud
771 3201 900 3268 Furiam
923 3193 1195 3274 CCOLXXVIII.
1221 3225 1295 3270 cum
1336 3243 1339 3250 ι

214 3281 348 3374 Horatii
368 3301 491 3385 Saetl,
514 3305 545 3385 3,
566 3302 642 3372 314.
656 3328 728 3394 sqq.
770 3303 884 3370 Babrii
908 3295 1090 3393 fragmenta
1111 3304 1198 3404 apud
1220 3301 1296 3370 Sui-

217 3404 296 3475 dam
313 3427 368 3474 vv.
398 3407 607 3523 Καιιειραία
596 3402 707 3485 acquic,
715 3407 878 3488 Κρίμνοι,
909 3404 1078 3488 Σωράκοις
1096 3420 1227 3497 praeter
1247 3405 1298 3470 fa-

216 3507 327 3574 bolam
348 3503 528 3596 prosariam
550 3503 637 3596 apud
656 3490 805 3593 Tyrwh.
790 3530 852 3597 ..p
874 3505 1054 3575 CLXVIII.
1075 3531 1149 3574 oum
1169 3507 1234 3576 Sat.
1247 3506 1296 3589 ΙΙ,

216 3611 322 3692 ,79
340 3631 411 3696 sqq.
432 3603 574 3674 Graeci
591 3607 782 3676 fabulatoris
801 3607 981 3696 fragmenta
998 3607 1085 3700 apud
1105 3609 1242 3679 Suidam
1263 3633 1296 3678 v·

129 3727 133 3732 “
216 3705 366 3790 Sceleri
383 3731 458 3776 cum
471 3704 600 3777 Horatii
601 3699 718 3802 Epist.
737 3711 764 3794 I,
788 3709 819 3794 1,
834 3713 887 3777 74.
924 3709 1074 3778 Ceterum
1089 3735 1194 3802 neque
1210 3719 1295 3802 quae

203 3811 381 3908 ,Bergems
408 3807 440 3894 1)
468 3809 623 3879 audacter
651 3812 768 3880 effutiit
794 3835 923 3896 moror,
961 3825 1066 3905 neque
1093 3809 1198 3904 magis
1225 3813 1294 3914 fru-

217 3945 362 4017 principes
381 3948 543 4016 complures
559 3948 650 4000 Roma
666 3943 750 4004 vidit.
783 3944 981 4024 Suspicionem
999 3953 1095 4004 tamen
1112 3945 1181 4002 lacit
1196 3949 1295 4018 stylus,

218 4047 284 4084 eum
299 4031 371 4082 ultra
382 4028 561 4088 Antoninum
574 4028 656 4084 Pium
669 4038 698 4084 et
711 4023 888 4084 Hadrianum
898 4047 960 4088 nou
972 4046 1118 4103 assurgere
1132 4029 1209 4106 quod
1228 4030 1297 4130 deiu

217 4109 346 4186 pluribus
364 4109 549 4170 docebimus“
571 4113 697 4183 Cauueg.
716 4129 744 4182 p.
757 4111 818 4168 276.

322 4197 350 4262 1)
378 4195 422 4252 cf.
447 4211 521 4268 quae
544 4205 647 4268 ,coutra
669 4185 907 4267 Cauuegieterum
936 4193 1094 4268 disputavit
1116 4195 1297 4252 Werusdorf.

219 4283 299 4338 Poet.
316 4281 377 4334 Lat.
392 4277 470 4335 tuin:
496 4283 581 4338 Tom.
595 4282 631 4336 V.
648 4282 680 4336 Ρ.
695 4283 731 4334 ll.
743 4297 777 4352 p.
793 4282 853 4338 tot.
870 4297 984 4358 tqqn-
1016 4281 1155 4350 2.)Praef
1172 4298 1201 4351 p.
1213 4281 1296 4335 XIV.

220 4368 309 4437 „Imo
324 4361 495 4424 Phaedrus'
486 4380 548 4434 lpse
566 4381 599 4419 ac
616 4363 765 4430 Horatius,
785 4363 833 4438 qui
851 4363 904 4419 sub
919 4365 1048 4440 Augusto
1067 4368 1209 4434 claruere,
1230 4368 1299 4437 plu-

76 4511 82 4520 ,
157 4461 159 4464 '
220 4469 253 4508 ra
277 4446 458 4506 ad‘verbum
479 4464 497 4502 e
516 4445 620 4502 Bebrio
645 4457 864 4519 expresserunt,
891 4466 1021 4524 opusque
1038 4449 1111 4505 adeo
1132 4450 1192 4505 eius
1210 4441 1332 4505 ambo‘

222 4539 429 4626 pertractarunt
448 4529 526 4608 quod
543 4527 654 4588 tabutas
669 4531 881 4606 ipsorumcum
900 4533 1049 4593 Bebriacis
1070 4533 1233 4594 conferenti
1250 4535 1300 4588 lu·
