2684 5038
299 1187 880 1327 firnoounrnm·

502 1373 704 1390 m

59 1481 233 1592 Multum
256 1521 432 1611 dubitanti,
456 1545 628 1614 quamnam
649 1537 692 1626 'err
711 1535 798 1622 tanta
809 1523 958 1594 locorum
973 1493 1136 1616 quaestio-
1265 1505 1289 1570 ⁸

61 1661 207 1728 numque
227 1637 383 1710 varietate
402 1637 444 1704 ad
466 1637 766 1712 scribendummihi
785 1633 946 1708 snmerem
960 1639 1137 1726 materiem,
1249 1645 1251 1661 '

62 1765 137 1810 cum
160 1765 201 1808 eo
220 1740 426 1832 potissimum
447 1762 551 1808 essem
578 1739 739 1824 solicitus,
767 1755 865 1808 utne
893 1741 1055 1810 iudicibus
1084 1767 1141 1810 ae«

61 1843 135 1935 quis
163 1843 299 1912 viderer
326 1865 484 1937 perverso
512 1841 680 1910 doctrinae
707 1793 870 1946 iti'dicio'
858 1867 893 1910 ru
919 1845 1058 1910 latebras
1086 1849 1141 1910 aut
1179 1869 1186 1884 ·

60 1944 137 2012 huic
160 1943 350 2010 aetatulae
338 1943 481 2036 iniquas
489 1956 543 2008 aut
564 1967 680 2033 parum
706 1955 795 2034 aptas
822 1943 933 2011 usibus
961 1923 1152 2012 litterar-irm-

62 2043 207 2110 delatust
230 2013 508 2111 God.'ofred1is
529 2042 825 2136 Rernhardyus
840 2069 879 2112 ea
896 2069 959 2134 qua
973 2047 1081 2112 solet
1071 2044 1143 2110 ani·

60 2143 109 2210 mi
128 2144 281 2212 comitate
304 2157 337 2210 et
362 2143 555 2212 liberalitate
582 2145 740 2212 succurrit
774 2160 869 2238 atque
897 2139 1068 2218 consuluit.
1108 2147 1142 2215 Is
1258 2211 1261 2215 .

61 2247 150 2314 euim
171 2261 207 2313 ut
233 2245 397 2314 fabulas
419 2246 667 2338 Aesopias
655 2273 690 2314 ιιι
711 2250 975 2334 collectionem,
979 2275 1065 2341 qnae
1085 2274 1144 2319 co·
1248 2231 1251 2246 ¹

60 2349 131 2442 pias
145 2352 264 2420 multos
286 2374 347 2440 per
366 2348 468 2418 libros
488 2350 596 2420 adhue
614 2373 743 2442 sparsas
755 2352 907 2444 fusasque
920 2365 1144 2444 congregaret,

1 2510 2 2517 ,
60 2452 248 2543 redigerem
269 2449 315 2516 ita
343 2450 425 2518 mihi
453 2449 570 2536 suasit,
606 2465 642 2518 ut
670 2453 733 2525 isto
762 2456 876 2524 labore
904 2457 966 2522 rite
995 2455 1143 2521 absoluto

61 2551 165 2643 periti
187 2533 368 2620 studiorum
389 2563 604 2668 spectatopasu,
626 2553 706 2642 quid
728 2554 771 2620 de
793 2554 975 2623 fabularum
993 2557 1053 2622 sub
1074 2557 1145 2620 Ae-

62 2653 142 2741 sopi
161 2651 303 2719 nomine
316 2649 520 2718 circumferri
537 2653 705 2722 solitarum
729 2657 891 2748 congerie
904 2670 988 2724 esset
1003 2669 1145 2724 statuen-

63 2753 154 2836 dum,
176 2766 306 2844 quoqu'e
322 2754 358 2820 id
379 2751 558 2822 litterarum
578 2779 680 2850 genus
696 2759 837 2842 valeret,
858 2782 938 2827 uno
953 2756 1045 2849 quasi
1066 2779 1157 2844 ocu-N

65 2855 173 2922 lorum
194 2857 309 2922 obtutu
337 2837 534 2954 perspicere
550 2870 694 2945 possent
739 2810 972 2926 Verumtamen
996 2857 1145 2924 ¹simulat-

65 2980 129 3044 que
152 2955 282 3022 assidua
300 2957 441 3024 lectione
460 2953 675 3026 miserrimam
696 2959 811 3024 harum
826 2959 1044 3050 reliquiarum
1068 2980 1146 3026 con·
1178 3001 1180 3014 ι

66 3057 233 3128 dicionem
255 3056 418 3143 intellexi,
436 3057 608 3127 Horatiani
627 3057 717 3136 illius
735 3081 883 3127 memorr

110 3166 234 3230 Sumite
254 3165 421 3231 materiem
442 3165 556 3230 vestris
570 3183 626 3252 qur
619 3161 784 3228 scribitis
805 3185 946 3254 nequam

108 3266 243 3348 viribus,
264 3278 297 3330 et
316 3279 443 3332 versum
463 3264 539 3346 ιιιίι,Ι
572 3264 654 3354 quid
673 3263 970 3354 feneraverant„

84 3370 190 3461 'quid
219 3369 358 3434 valeant
372 3367 502 3434 'humeri
528 3411 582 3450 -,

67 3501 204 3566 conatus
223 3509 315 3553 meos
334 3485 420 3570 intra
438 3481 677 3552 fines'artiores
706 3483 882 3552 subsistere
907 3471 1004 3576 iussi}
1042 3482 1149 3570 Quem

2 3595 5 3603 '
66 3589 156 3656 enim
175 3587 312 3678 repetita
328 3579 467 3655 lectione
489 3576 641 3654 dictionis
663 3586 932 3676 Graecaesqnae
954 3607 1015 3675 per
1037 3607 1150 3650 saecu·
1203 3619 1217 3671 j

66 3693 97 3756 la
120 3688 301 3778 increbruit
321 3687 484 3770 citeriora,
504 3711 598 3753 usum
619 3686 700 3754 mihi
720 3688 858 3755 videbar
885 3679 1099 3768 contraxisse{
1120 3683 1150 3750 is

66 3789 187 3860 leviori
206 3789 389 3857 studiorum
408 3783 556 3879 periculo
578 3787 729 3856 sufficere
749 3785 866 3877 potuit,
892 3807 960 3853 uon
973 3786 1058 3854 iusto
1071 3809 1152 3878 pro-
1209 3825 1219 3874 2

44 3891 179 3983 ‘posito
201 3889 339 3982 suisque
354 3889 498 3958 numeris
522 3891 681 3974 absoluto,
703 3889 793 3978 quod
815 3887 910 3956 aetati
924 3887 1067 3956 ‘firmiori
1091 3914 1151 3981 par

68 3994 134 4061 fuit
154 3984 329 4062 reservari.
371 3989 484 4082 Itaque
505 4015 548 4060 ne
569 3989 689 4058 frustra
702 3991 794 4056 'huuc
818 4013 967 4080 campum
992 4011 1154 4082 pervaga-
1232 4003 1238 4014 ⁸

65 4095 120 4163 tui
143 4117 216 4163 esse
236 4091 405 4180 crederer,
439 4089 783 4184 angulumquendam
804 4092 988 4175 modicum,
1022 4092 1079 4182 qui
1098 4097 1155 4158 'ra-

65 4222 140 4270 ram
176 4195 349 4266 doctorum
385 4201 532 4288 operam
548 4208 633 4261 esset
663 4207 830 4284 expertus,
864 4192 946 4260 mihi
982 4187 1155 4260 colendum

66 4289 162 4370 duxi.
205 4299 291 4370 Eum
320 4296 420 4390 igitur
449 4319 492 4366 ex
519 4293 672 4366 universa
699 4294 834 4366 materie
859 4297 971 4464 locu1m
998 4293 1084 4386 elegi
1112 4293 1156 4362 ad
