2684 5038
197 471 225 557 2
300 451 303 460 .
467 535 479 562 l
525 489 536 496 ’
613 477 906 556 ruoosuruu.

182 609 472 710 puummmmmn,
508 632 653 702 exqmn
685 634 718 677 m
732 607 1153 705 'qmdvuho,umpmm
1180 614 1274 687 stum

192 718 275 782 baec
300 707 351 780 de
371 712 525 803 Aesopiis
555 710 673 792 fabulis
709 735 808 800 quaes
793 709 856 796 etio
883 710 1093 804 scaturigines
1123 695 1289 802 duxerit,

195 816 315 907 quique
337 812 480 880 dilucide
498 811 693 903 explicatus,
724 811 834 900 quanti
864 811 926 877 sint
945 813 1045 906 pretii
1067 839 1157 906 quae
1185 843 1273 886 nuno

193 915 228 983 in
245 915 395 982 manibus
424 926 496 978 sunt
517 913 742 994 collectiones,
765 910 896 1000 egregie
919 909 1127 988 demonstret.
1155 921 1164 944 ⁶

296 1015 441 1082 Babrii
463 1014 568 1095 enlm,
590 1013 646 1103 qui
666 1012 790 1078 fabulas
810 1013 999 1080 cboliambis
1020 1019 1182 1106 condidit,
1203 1037 1275 1090 ine-
1301 1071 1312 1085 .

194 1116 333 1186 moriam
356 1129 387 1182 et
408 1116 586 1181 instaurare
608 1128 641 1180 et
661 1113 824 1180 uberrima
832 1113 1093 1234 fragmentorum
1107 1122 1276 1190 collectio·

194 1246 237 1286 ne
269 1219 398 1284 firmare
420 1214 515 1284 nobis
543 1239 640 1280 curae
667 1213 746 1298 fuit,
788 1215 879 1281 cuius
914 1215 1037 1320 ingenii
1064 1238 1275 1289 monumenta

81 1361 85 1371 ‹
193 1321 910 1438 pou'Phomaelerwbntiumpma,
932 1321 1273 1392 uremnmnumsab
1339 1397 1340 1404 χ

193 1419 396 1538 inauspicata.
409 1421 474 1487 virt
465 1419 662 1486 cuiusdam
684 1442 799 1510 opera,
820 1408 958 1490 nlrllos'
946 1441 1139 1492 invenerunt
1167 1426 1276 1494 edito-

193 1545 259 1606 res,
286 1521 347 1588 nisi
369 1521 398 1588 ii
419 1545 476 1612 qur
466 1519 650 1587 subitaria
668 1521 937 1609 commentatione
955 1511 1085 1612 poetain
1102 1537 1276 1592 tentarunt.

192 1629 263 1726 Nos
283 1645 378 1712 vero,
402 1651 477 1693 cnm
496 1623 579 1692 intra
602 1625 677 1691 hos
684 1620 854 1715 proximos
871 1629 974 1690 bunos
992 1623 1117 1693 litterae
1138 1626 1275 1698 Rabria-

194 1757 265 1804 nae
278 1733 361 1796 laeta
377 1729 541 1846 quaedam
556 1741 595 1794 et
612 1725 776 1818 insperata
796 1723 957 1816 cepissent
975 1724 1183 1814 incrementa,
1204 1731 1274 1794 ala

194 1832 293 1902 criter
310 1829 354 1896 ad
375 1830 542 1917 negotium
564 1828 711 1918 aggressi
732 1853 852 1913 sumus,
876 1850 943 1918 quo
964 1826 1055 1898 votis
1070 1829 1159 1898 inde
1166 1854 1185 1896 a
1204 1829 1274 1898 Ne·

193 1907 1273 2040 vdmimmpmdmssmpmsumumupmrumdmonmmmmm
1340 2011 1341 2018 ἵ

191 2034 314 2102 virium
334 2019 599 2100 satisfaceremus.
628 2030 745 2116 ·Quod
774 2045 881 2098 autem
901 2030 1094 2123 gravissimi
1123 2046 1171 2100 est
1198 2055 1275 2100 mo·
1340 2105 1341 2112 ,

168 2133 312 2218 lmenti,
339 2135 380 2200 ab
401 2134 550 2202 versibus
578 2129 691 2199 Babrii
717 2133 892 2202 maximam
920 2134 1104 2203 fabularum
1130 2133 1277 2204 Graeca

194 2237 274 2312 ruin
288 2254 430 2330 partem,
453 2264 532 2330 quas
552 2261 638 2304 nunc
657 2261 843 2321 versamus,
863 2238 1045 2331 proiectam
1063 2253 1153 2322 esse,
1186 2259 1288 2302 nunc„

195 2342 328 2434 quidem
350 2365 416 2409 nou
436 2355 505 2416 tam.
522 2340 777 2421 demonstrasse,
808 2362 906 2430 quam
928 2340 1032 2432 digito
1053 2338 1199 2428 tetigisse
1227 2335 1272 2404 li·
1302 2411 1306 2420 ¹

95 2503 98 2514 .
193 2447 265 2529 bet,
288 2447 363 2510 ciam
382 2440 433 2508 bis
455 2433 654 2532 explicandis
673 2438 708 2506 in
731 2440 991 2510 annotationibus
1013 2465 1109 2532 quam
1136 2440 1172 2507 ln
1191 2463 1272 2531 pro-

193 2545 302 2614 oemio
323 2543 429 2634 aptior
448 2546 539 2610 luctis
562 2541 603 2607 sit
625 2565 809 2612 concessuss
851 2544 933 2612 llluc
961 2543 1061 2634 igitur
1089 2558 1126 2610 ιιι
1152 2542 1271 2610 redea-

192 2671 283 2714 mus:
303 2669 363 2713 nos
384 2643 449 2710 iam
468 2641 673 2733 potissimum
691 2641 728 2708 id
748 2643 890 2732 agimus,
927 2658 979 2728 ιιι,
1015 2644 1072 2732 qui
1101 2643 1178 2710 buic
1212 2666 1274 2708 au-

194 2749 279 2817 ctori
291 2747 435 2835 'operam
456 2736 695 2831 impenderint,
716 2744 859 2810 breviter
880 2743 1063 2810 afferamus.

297 2847 428 2912 Horum
440 2843 540 2930 igitur
553 2838 669 2931 agmen
684 2841 771 2907 ducit
787 2844 836 2910 Is.
858 2842 944 2910 Nic.
966 2845 1211 2928 Neveletus,
1239 2847 1272 2930 ¹)

186 2949 285 3020 ¹cuius
305 2946 448 3012 studium
467 2942 500 3008 in
523 2965 563 3010 eo
584 2943 738 3025 substitit,
770 2958 821 3026 ut,
843 2967 926 3034 quae
944 2945 1031 3061 apud
1053 2945 1187 3016 Suidam
1210 2971 1274 3014 ex·

193 3067 261 3120 tant
279 3049 476 3136 fragmenta,
499 3067 612 3110 eorum
618 3043 791 3134 exiguam
804 3059 930 3137 partem
947 3048 980 3112 in
1003 3047 1108 3116 Praei.
1131 3049 1271 3139 Mythot.

169 3158 272 3246 tp..5
294 3147 377 3216 edit.
414 3148 460 3212 A.
479 3144 650 3214 MDCLX.
672 3148 852 3220 excitaret
878 3147 974 3216 Hunc
987 3173 1044 3239 qut
1059 3149 1186 3240 excepit
1202 3149 1273 3217 Ri-

195 3237 347 3351 cardus
369 3245 586 3314 Bentleius
609 3247 642 3331 )
662 3273 774 3339 pauore
795 3249 929 3366 quidem
950 3250 992 3317 de
1015 3252 1136 3320 Bebrio
1166 3251 1273 3318 disse-

195 3352 277 3420 ruit:
308 3353 531 3417 verumtamen
558 3347 626 3413 eius
653 3351 828 3451 disputatio
862 3352 906 3417 ita
934 3367 983 3418 est
1007 3367 1237 3443 comparata,
1236 3367 1273 3419 ut

193 3453 303 3524 omnia
325 3450 480 3519 iudicium
497 3450 735 3520 exactissimum
756 3478 793 3520 ac
814 3453 1018 3543 sagacitatem
1047 3454 1273 3522 admirabilem

192 3555 344 3649 prodant.
387 3552 464 3639 Quo
497 3552 603 3620 maior
634 3556 704 3619 laus
731 3543 903 3622 tribuenda
938 3554 1127 3624 Thomae
1155 3555 1271 3645 Tyr-

194 3657 362 3739 whitto,
389 3658 437 3742 3)“
456 3653 513 3745 qui
540 3655 575 3720 in
603 3653 840 3772 Dissertatioue
869 3655 917 3750 de.
938 3655 1060 3746 Bebrio
1087 3658 1270 3749 conscripta

194 3811 296 3822 suat-*on-
301 3811 338 3824 ηο-
341 3811 490 3822 σνα-ι--ο--σο

237 3931 240 3948 .
299 3890 327 3956 1)
346 3893 391 3944 De
409 3868 538 3949 Neveleti
557 3895 684 3951 editione
707 3897 743 3955 cl.
766 3901 809 3956 lo.
833 3897 898 3954 Alb.
919 3897 1064 3955 fabricius
1089 3897 1126 3955 de
1151 3901 1270 3974 Aesopo

194 3991 220 4030 c
237 3980 276 4032 X.
294 3974 326 4030 in
344 3973 417 4031 Bibl.
435 3979 483 4032 Gr.
502 3981 587 4034 Torn
602 3985 624 4034 1.
646 3999 673 4050 p.
691 3985 751 4038 ost.
767 3983 810 4038 ed.
830 3987 960 4040 Herl-u
992 3987 1020 4052 2)
1040 3986 1084 4042 cf
1098 3987 1215 4040 Dissert.
1232 3986 1269 4040 de

193 4057 296 4112 sabulis
324 4057 480 4128 Aesopic.
506 4064 570 4118 Vll.
593 4080 621 4133 p.
647 4066 770 4120 CXLIV.
793 4069 868 4139 apud
892 4071 1008 4124 Funr-
1042 4071 1071 4134 ὅ)
1090 4069 1206 4126 Dissert.
1232 4071 1270 4126 de

149 4203 153 4209 ¹
193 4141 299 4196 Bebrio
317 4141 472 4196 fabularum
490 4145 685 4218 Aesopearum
703 4149 848 4221 scriptore.
867 4155 1029 4207 Inserantur
1046 4151 1160 4208 fabulae
1179 4169 1270 4226 quae-

129 4279 130 4286 ,
158 4283 159 4294 ,
194 4225 260 4279 dam
275 4228 422 4306 Aesopeae
439 4231 734 4302 uunquemhactenus
752 4233 844 4288 editae
862 4253 899 4288 ex
918 4237 988 4291 God.
1004 4237 1267 4294 MStoBodleiano.

192 4295 342 4364 Accedunt
360 4309 453 4364 Bebrii
471 4312 638 4386 fragmenta.
674 4317 799 4372 Londini
818 4321 893 4376 1776.
916 4324 942 4376 8.
969 4319 1043 4376 Huic
1061 4321 1265 4376 dissertationis

139 4453 143 4462 .
190 4385 347 4466 morphea
367 4389 1092 4475 deLaprdrbusedttmneAucterrumaddrdrt
1129 4407 1267 4479 Quosli-
