2684 5038
148 551 171 620 8
347 603 350 612 ,
604 569 730 618 eaeor
754 569 783 616 ι.

219 699 458 832 Rapiatur*
436 733 456 791 η
476 700 670 796 Βοίβριος·
683 698 883 790 μύθους”
861 727 954 790 aros
970 696 1228 792 μυθιοίμβους

151 805 228 872 εἶσί
248 804 318 894 γὰρ
338 801 404 872 ded
429 803 700 894 χωλιοίμβωυ
686 831 726 873 ευ
742 805 999 901 βιβλίοις
966 811 987 873 ί.
1034 797 1164 883 Οὗτος
1189 809 1231 872 ἐκ
1263 839 1265 844 ’

152 913 227 974 τῶν
249 911 477 976 Αἰσωπείων
496 906 635 993 μύθων
655 889 917 996 μετίβαλιυ’
898 905 978 976 aad
999 910 1073 994 τῆς
1090 889 1232 978 αὐτῶν

153 1009 392 1106 λογοποιίας
412 1013 466 1088 είς
486 1015 672 1095 ἔμμετρα,
698 1007 823 1096 ἤγουν
842 1007 937 1086 τοὺς
959 1007 1230 1097 χωλιᾶμβους.

252 1108 379 1176 Eadem
400 1106 504 1178 ferme
521 1109 613 1201 apud
635 1110 777 1179 eundem
796 1108 932 1190 Suidam
948 1124 1120 1178 recurrunt
1147 1135 1174 1178 s.
1195 1134 1231 1177 v.

61 1229 66 1242 ·
153 1217 343 1298 Χωρίομβος.
389 1210 497 1296 Quem
523 1226 645 1280 tamen
658 1212 694 1279 in
720 1214 831 1282 locum
861 1210 1002 1280 narratio
1024 1211 1145 1281 Suidae
1176 1233 1236 1278 su-

154 1311 300 1402 periore
321 1314 442 1381 lectore
460 1315 544 1381 male
566 1313 708 1400 sedulo,
706 1339 811 1405 quem
831 1312 916 1404 fugit
936 1327 1002 1382 tam
1020 1313 1116 1381 metri
1136 1337 1236 1402 quam

155 1438 264 1499 rerum
286 1413 416 1499 notitia,
445 1419 680 1499 translatam,
710 1415 745 1482 id
767 1417 858 1507 quod
886 1415 1002 1485 Codex
1031 1413 1234 1484 Oxouiensis

157 1517 364 1606 comprobat,
407 1518 463 1609 qui
485 1517 738 1590 additamentum
758 1517 845 1585 istud
865 1516 1049 1618 posteriore
1068 1519 1144 1586 loco
1165 1538 1235 1603 noo

156 1631 326 1726 agnoscat.
369 1615 439 1684 Iam
459 1619 499 1686 ad
522 1619 647 1710 singula
668 1618 915 1712 praevertimur.
1250 1607 1255 1620 ⁸

263 1719 451 1810 Bosspiac'*
430 1751 449 1807 η
472 1715 621 1810 Βιίβριος.
658 1721 771 1790 Huius
800 1720 930 1812 generis
958 1717 1210 1804 διττογραφίαι
1197 1715 1237 1787 ιιι

114 1859 117 1864 -
157 1820 343 1910 nominibus
361 1818 546 1892 scribendis
574 1847 648 1890 cum
676 1824 764 1917 apud
785 1822 866 1891 alios
890 1835 959 1890 tum
986 1821 1073 1913 apud
1096 1821 1235 1892 Suidam

158 1926 286 2018 saepius
304 1925 512 1994 inveniuntur
537 1925 579 2008 ¹).
610 1923 705 1995 Nam
726 1940 761 1991 ut
781 1923 939 2017 exemplis
959 1922 1080 1992 Suidae
1101 1922 1239 2014 quibus·
1333 1951 1335 2012 5

55 2081 61 2086 .
101 2123 104 2132 1
159 2027 236 2093 dam
270 2042 357 2093 utar:
388 2022 596 2106 Ἀπολλώνιος·
620 2025 819 2116 Ἀρχεβούλου
845 2025 1055 2116 ἢἈρχεβίου,
1098 2049 1237 2116 quarum
1335 2062 1336 2092 ι

158 2142 272 2196 neutra
305 2129 412 2197 forma
449 2130 623 2220 probatur3
655 2127 869 2198 Villoisonus
895 2127 983 2196 enim
1012 2127 1163 2220 Prolegg.
1198 2126 1237 2196 in
1336 2133 1337 2158 ¹

159 2230 275 2322 Apoll.
316 2232 381 2300 lex.
432 2231 533 2300 Hom.
581 2257 615 2323 p.
644 2229 687 2298 ll.
724 2255 793 2321 sqq.
832 2231 985 2320 Ἀρχιβίου
1025 2227 1236 2309 scribendum
1338 2274 1339 2280 κ

133 2328 275 2414 docet,
294 2357 369 2402 non
390 2335 573 2424 refragante
592 2331 710 2401 eodem
729 2331 878 2402 suidas.
896 2356 930 2400 v.
955 2331 1072 2412 Ἀπίων·
1092 2331 1238 2421 μαθητὴς

158 2433 364 2503 Ἀπολλωνίου
384 2463 439 2503 του
423 2437 626 2523 Ἀρχιβίου·
649 2434 701 2502 cui
722 2436 797 2502 loco
818 2433 904 2502 adde
926 2457 1021 2532 quas
1031 2448 1141 2501 extant
1161 2457 1188 2502 s.
1200 2458 1236 2502 v.
1340 2418 1341 2440 ί

163 2533 304 2600 Mara*
287 2539 550 2636 οτοῠἉρχιβίου
557 2531 758 2615 Ἀπολλωυιος
779 2541 868 2604 nares
890 2525 1002 2622 δηλοῦυ
1023 2561 1126 2624 φησιν.
1168 2535 1236 2603 Ea-

166 2633 244 2702 dem
263 2638 389 2708 ratione
416 2640 548 2708 codices
576 2665 603 2727 s.
629 2663 663 2706 ι..
692 2637 880 2726 Ἀυυσχοῦσο
910 2638 1065 2712 fluctuant
1097 2631 1237 2724 Μοίγυης

162 2735 247 2804 inter
271 2753 302 2804 et
322 2741 471 2826 Μάγνος,
495 2754 633 2832 quorum
663 2741 728 2805 hoc
755 2736 951 2806 novissimus
981 2735 1103 2807 Suidae
1131 2738 1239 2808 editor
1282 2779 1287 2790 =

107 2837 109 2842 ’
164 2840 303 2930 recepit,
324 2843 508 2912 auctoribus
529 2841 678 2910 Parisino
698 2840 743 2908 Α.
775 2835 959 2908 oxoniensi
987 2853 1020 2906 et
1045 2841 1237 2934 Zonarap.

115 2967 120 2972 ·
163 2945 239 3009 205.
283 2943 365 3012 Mox
386 2933 503 3015 Siridas
531 2941 721 3030 Φιλίσκοςῆ
745 2915 897 3020 Φίλιστος
916 2941 1065 3026 exhibet,
1094 2943 1152 3034 qui
1179 2944 1264 3012 ubi*

143 3042 207 3108 'de
241 3045 387 3112 historici
422 3045 509 3114 illius
542 3044 677 3134 ’scriptis
712 3041 867 3136 exponit,
910 3042 1008 3112 unice
1045 3043 1239 3164 scripturam

169 3149 316 3245 Φίλιοτος
339 3146 551 3239 consignavit.
595 3145 717 3213 Similis
744 3159 848 3214 extat
857 3145 1025 3216 nominum
1052 3145 1239 3217 coniunctio

46 3301 54 3313 .
167 3269 193 3312 s.
214 3272 247 3314 v.
269 3253 470 3328 Σίτιιλκος·
455 3277 572 3320 οτων
589 3244 718 3334 Θρᾳκωυ
738 3245 881 3334 βασιλευς
907 3249 958 3314 καί
979 3247 1178 3336 Σιτάλκηςς
1169 3247 1239 3317 sed

166 3370 229 3436 pro
249 3351 427 3418 novissima
447 3375 530 3421 voce
559 3350 673 3419 Codex
699 3345 886 3438 Leidensis,
912 3348 1002 3416 cuius
1030 3349 1239 3420 collationem

167 3451 208 3515 ab
236 3452 358 3522 Iacobo
385 3453 557 3524 Gronovio
585 3432 765 3542 confectam
794 3401 886 3550 apud
906 3449 1196 3542 Bernhardyum'
1183 3477 1240 3518 ιιι-

168 3551 295 3641 spic'cre
316 3557 410 3623 mihi
415 3556 523 3640 licuit,
553 3533 689 3646 praebet
708 3552 898 3640 zaeanast’
880 3580 975 3638 ουομα
1000 3551 1134 3636 πόλεως,
1163 3569 1240 3645 post

167 3676 333 3724 vocem..
307 3664 486 3747 Σιιηρέοιου
505 3654 705 3748 interpositis
725 3656 925 3738 Σίιολιιος·
905 3683 924 3723 ο
946 3682 1006 3725 τωο
1030 3660 1158 3772 Θρᾳκῶυ
1176 3663 1240 3748 βα·

170 3758 333 3836 οιλευς.1

268 3861 396 3931 Haec
385 3889 420 3931 m
447 3865 631 3934 nominibus
657 3861 799 3958 propriis
826 3859 1001 3930 afferendis
1027 3831 1243 3980 discrepantia
1321 3879 1331 3892 ·

169 3960 330 4052 triplicem
352 3967 393 4032 ad
415 3967 575 4058 originem
597 3981 645 4036 est
670 3964 873 4047 revocanda3
901 3963 1044 4056 primum
1065 3963 1152 4062 enim
1179 3965 1242 4031 hu-

169 4061 312 4134 iusmodi
332 4068 411 4142 vitia
430 4072 577 4163 profecta
615 4070 764 4139 videmus
783 4093 802 4134 a
823 4069 893 4136 sola
911 4066 1159 4137 librariorum
1146 4091 1241 4135 mcu-

169 4166 248 4249 ria,
246 4169 376 4237 deinde
398 4175 438 4240 ab
458 4175 557 4244 variis
578 4173 708 4265 linguae
731 4171 875 4269 Graecae
897 4166 1052 4253 dialectis,
1071 4181 1241 4260 postremo

170 4221 306 4336 multum
325 4275 433 4342 valuit
446 4274 665 4368 posteriorum
685 4287 825 4343 aetatum
822 4261 1240 4354 cousuetudo,cu1hanc

17 4491 19 4502 t
270 4443 298 4511 1)
317 4447 379 4499 Huc
395 4463 495 4500 eorum
511 4445 651 4499 nonnulla
669 4458 743 4516 quae
760 4437 922 4500 Lobeckiua
939 4437 1080 4514 Aglaoph.
1101 4439 1187 4494 Tom-
1201 4435 1238 4492 ll.
1328 4421 1330 4428 '

18 4551 19 4562 ¹
87 4527 126 4596 “,
165 4545 198 4599 ι).
217 4527 277 4586 996.
294 4526 424 4584 disseruit
439 4533 555 4599 possunt
575 4523 728 4581 transferri.
853 4533 861 4538 ·
1251 4551 1263 4563 ,.

495 4768 542 4830 λ’,
