2684 5038
174 507 218 580 14
381 527 387 556 ι
525 517 887 596 ’,ιιιιτ,ι·,,

113 681 124 706 ⁸
171 657 259 730 cioni
288 649 464 775 firmandae
492 647 586 718 hauc
606 646 738 720 Codicis
765 645 939 718 Harleiani
971 641 1242 740 significationem

169 757 336 828 attulitt.

296 854 404 910 -ι
423 853 446 930 ι
467 854 489 898 ι
510 835 532 942 ι’,
554 853 575 912 t
594 825 736 940 cassia

213 962 368 1044 Βαλιρίιιιι
387 957 588 1049 χωριαμβιιιοὶ
606 962 703 1042 στίχοι
724 957 811 1022 ἐκ
771 981 831 1023 των
846 951 1003 1048 Aieaincu
1021 949 1143 1038 μύθων.
1163 947 1196 1032 ι)
1220 957 1224 968 “
1258 942 1275 980 ⁹

171 1061 382 1135 Conieclurae
396 1073 502 1124 tamen
523 1081 590 1123 uon
608 1069 731 1122 tantum
749 1055 931 1139 tribuimus,
952 1067 988 1120 ut
1008 1053 1138 1136 Suidae,
1159 1051 1243 1144 Ety-

173 1161 329 1254 molegici
352 1155 473 1250 Magni,
499 1145 661 1240 Zonaras,
690 1157 817 1224 Aviani
835 1155 1038 1224 auctoritates
1063 1167 1244 1244 postpona-

169 1291 284 1336 mus.
304 1262 462 1334 Miramur
487 1281 568 1326 vero
595 1257 781 1330 Herderum
807 1257 1057 1364 praetervidisse
1091 1251 1218 1345 qhod'
1205 1275 1243 1319 m

171 1367 284 1466 oculos
302 1361 454 1444 incurrit,
485 1383 605 1428 nomen
625 1364 739 1428 houna
767 1351 916 1428 haustum
936 1359 977 1424 ad
998 1363 1154 1472 Bupalus,
1173 1374 1244 1423 uon
1280 1357 1289 1363 ’

170 1469 213 1536 ad
230 1451 391 1547 Βαλιρίοιι
416 1459 626 1528 'referendum
646 1462 758 1552 fuisse,
798 1461 951 1529 Herdero
973 1483 1050 1526 sane
1071 1455 1243 1524 cautiusse

160 1565 314 1662 'expediit
336 1563 555 1656 Tyrwbittus,
577 1562 643 1663 qui
655 1571 799 1650 Βαβρίοιι
818 1547 901 1630 nihil
928 1560 991 1628 nisi
1025 1553 1165 1625 alterius
1180 1579 1245 1624 nc-

167 1671 264 1742 minis
291 1666 382 1759 quod
402 1664 570 1732 subiicitur
590 1661 857 1734 emendationem
871 1679 942 1758 esse
962 1659 1145 1728 dubitanter
1163 1680 1245 1727 con·
1317 1738 1322 1751 Ι

168 1765 308 1843 terrai-it
333 1767 366 1854 ²)
400 1766 562 1836 Ηοιιιιιι
551 1767 667 1856 igitur,
689 1777 723 1834 ut
744 1768 846 1832 libere
868 1747 1037 1847 confitear,
1058 1761 1140 1829 nihil
1160 1759 1245 1828 mihi

169 1871 340 1952 satisfecit,
362 1893 424 1936 nec
443 1869 547 1959 magis
569 1866 711 1934 animum
730 1867 872 1964 explevit
901 1865 1061 1956 suspicio,
1088 1863 1123 1930 in
1145 1887 1244 1952 quam

168 1979 350 2068 Bergerus
348 1976 385 2050 2)
407 1971 503 2039 hoc
472 1992 584 2064 ipso
582 1983 767 2037 commotus
786 1973 862 2038 loco
882 1967 1005 2051 incidit,
1027 1989 1102 2032 cum
1120 1965 1243 2031 Nostro

170 2076 263 2148 Gaii
299 2074 369 2142 sive
396 2056 518 2140 Lucii
555 2069 703 2139 Babrii
737 2069 908 2138 Valerii
932 2092 1052 2136 nomen
1078 2065 1244 2158 integrum
1309 2075 1311 2084 ⁴

84 2203 89 2213 '
167 2191 336 2247 assereret.
378 2175 532 2266 Superest
552 2172 641 2244 utin
662 2195 745 2240 voce
766 2170 905 2258 Βάβριος
926 2169 1112 2254 subsistam,
1141 2191 1240 2259 quam

139 2273 146 2287 ¹
167 2297 284 2375 poetae
306 2275 381 2374 satis
400 2273 584 2343 vindicasse
604 2273 686 2343 mibi
706 2270 836 2343 videor.
925 2342 928 2356 ,

267 2409 503 2502 Progredimur
533 2409 576 2478 ad
611 2433 686 2475 eum
714 2409 835 2480 Saldae
870 2371 996 2492 locum,
1027 2425 1104 2498 quo
1122 2383 1257 2476 ‚Bahrii'

166 2529 316 2608 poemata
337 2511 516 2580 traduntur.
541 2510 622 2583 Is
610 2492 710 2600 agitor
731 2511 833 2580 Suida
854 2525 935 2578 teste
962 2507 1121 2602 μύθοις
1150 2507 1241 2596 ilios

117 2685 119 2688 .
167 2615 427 2708 μυθιᾶιιβοιις
450 2612 590 2738 scripsit,
612 2612 682 2682 sive
705 2617 752 2692 (ut
773 2613 861 2708 apud
883 2611 1018 2682 Suidam
1046 2623 1093 2676 est
1115 2636 1148 2678 ι.
1170 2619 1243 2678 Xo-

52 2719 54 2724 ’
168 2723 312 2805 ριάμβος)
344 2713 614 2802 eibuscibus
649 2716 815 2798 μυθικά.
865 2713 915 2792 Et
941 2712 1077 2780 Μυθιια
1108 2711 1243 2804 quidem

165 2817 279 2898 Babrii
306 2815 488 2882 fabularum
522 2811 671 2881 collectio
701 2816 880 2905 appellatur
914 2815 1001 2904 apud
1031 2813 1164 2880 Suidam
1190 2813 1242 2882 hi's

79 3005 83 3011 Δ
166 2921 299 3011 glossis.
319 2942 352 2985 v.
375 2907 524 2986 Εὐλαὶου
499 2943 539 2992 ως
560 2941 635 3002 φησι
652 2915 837 3003 Βάβριοςὲ
836 2943 855 2983 ιι
884 2922 1117 2994 Metinates.
1084 2922 1253 3002 ιΚιιρ-,

142 3020 577 3112 1,χιιροδιιιιςειΜυθιιιιις
597 3039 630 3084 ι.
631 3024 803 3124 Karalus·
823 3015 996 3105 Βᾶβριος
982 3043 1013 3084 ιι
1035 3030 1099 3102 τοῖς
1122 3024 1241 3084 Μυθι-

266 3205 294 3271 1)
315 3201 360 3259 ef.
378 3201 494 3273 ryrwh.
515 3220 545 3274 p.
564 3201 698 3259 conr·
733 3203 762 3270 ι)
778 3202 896 3274 Tyrwh.
911 3219 939 3274 p.
962 3181 1060 3258 cciii.
1085 3205 1139 3270 „ni
1156 3204 1239 3259 assio
1333 3200 1338 3204 ·

164 3285 277 3343 nomini
292 3288 427 3355 Βαβριου,
450 3286 526 3358 quod
547 3284 578 3339 iu
596 3285 688 3358 prima
706 3285 783 3340 linea
800 3288 876 3342 clare
902 3285 1018 3358 legitur,
1059 3289 1179 3358 vocula,
1205 3297 1238 3342 nt

165 3365 294 3438 uidetur,
313 3370 428 3437 Latina,
443 3368 498 3424 sed
518 3369 725 3424 characteribus
744 3387 780 3425 ex
796 3369 981 3426 festinatione
1006 3369 1155 3426 scribentis
1180 3371 1240 3428 ta'm

164 3472 300 3530 perverse
316 3446 461 3520 lormatis,
480 3462 511 3506 ut
528 3453 564 3506 de
581 3471 648 3509 vera
665 3471 765 3509 eorum
791 3463 932 3527 potestate
957 3451 1064 3528 aliquid
1086 3453 1153 3506 certi
1178 3465 1239 3510 sta-

50 3531 57 3546 *
109 3559 111 3564 ·
166 3549 246 3594 tuere
264 3537 460 3593 difficillimum
475 3534 678 3600 sinniuforte
696 3539 777 3608 plura
796 3536 1041 3592 eiusdemmanns
1068 3535 1171 3606 scripte
1189 3538 1240 3593 in-

79 3684 83 3702 ,
114 3679 116 3691 ,
168 3621 309 3695 spiciendi
327 3621 448 3674 lacultas
471 3621 618 3678 detur...
644 3615 799 3676 coniicere'
818 3621 885 3676 licet
902 3637 1010 3676 nomen
1024 3619 1093 3676 illud
1115 3623 1238 3694 Resque

168 3722 231 3762 esse
248 3703 478 3760 emendationem
498 3707 632 3774 alterius,
650 3708 736 3780 quod
745 3706 820 3762 inire
843 3706 989 3776 scribitur,
1012 3703 1181 3778 Βαλιριοιιὶ“
1203 3737 1239 3748 -

164 3793 194 3860 ὅ)
215 3795 353 3863 Bergerus
379 3791 472 3861 Praei.
491 3809 519 3864 p.
537 3795 603 3848 XII.
633 3793 790 3861 „Balapwv
806 3809 929 3860 nomen,
953 3794 1029 3866 quod
1048 3793 1176 3850 Herdero
1203 3813 1239 3836 ·-

111 3918 120 3925 .
165 3879 274 3948 placet,
295 3883 373 3931 extat
387 3873 529 3948 quidem
520 3893 552 3931 ιιι
571 3876 642 3942 ch.
659 3878 835 3944 Harleiano,
866 3894 912 3932 cur
903 3876 1051 3932 fabulam
1071 3877 1107 3932 de
1128 3895 1178 3954 spe
1204 3877 1239 3932 in

93 4009 103 4036 ,
166 3950 255 4018 tundo
274 3951 338 4014 cedi
354 3951 460 4028 relicta,
480 3959 652 4029 debemusp
643 3980 675 4042 ιιι
689 3960 828 4034 superiori
845 3970 939 4016 tamen
951 3961 1029 4016 linea
1034 3964 1166 4032 Βαβρίοιι
1187 3964 1236 4024 le-

57 4055 60 4064 *
164 4043 249 4116 gitur,
266 4039 384 4117 voxque
399 4043 446 4097 illa
461 4046 643 4117 praecedens,
662 4063 745 4118 quam
757 4044 939 4141 Maagravius
953 4046 1095 4100 enodare·
1088 4045 1238 4121 nequibat

39 4135 70 4170 ι’
164 4127 339 4201 latinamque
354 4129 496 4204 censebat,
515 4127 723 4186 verisimillime
740 4125 852 4200 signum
876 4111 1121 4186 emendationis
1105 4135 1237 4200 γραπτέον

85 4260 87 4274 ,
165 4221 224 4273 aut
237 4205 322 4282 χιὰφι
343 4211 551 4268 characteribus
568 4215 653 4284 paulo
673 4211 895 4270 intricatioribus
913 4222 988 4274 erat,
1007 4214 1063 4270 nisi
1078 4219 1149 4274 velis
1171 4217 1236 4270 ior-

95 4349 96 4352 ,
163 4307 238 4355 tasse
250 4297 350 4354 Caium
364 4304 415 4350 aut
423 4295 540 4351 Lucrum
553 4295 688 4352 Babrium
709 4296 856 4353 Valerium
872 4301 1052 4369 exsculpere,
1080 4319 1165 4376 quem
1188 4308 1235 4353 ta-
1264 4288 1270 4296 ⁵

163 4400 232 4438 men
263 4382 392 4446 Iuliarum
413 4383 584 4453 Imperator,
618 4381 761 4466 Asianus,
796 4379 899 4440 Suidas
923 4383 1084 4459 reliquique
1103 4395 1235 4445 veterum

163 4466 276 4540 penitus
291 4465 433 4540 ignorant.
439 4465 459 4498 “
1183 4489 1185 4496 ·
