2684 5038
100 479 103 488 '
187 463 232 530 66
434 452 437 460 ¹
629 487 757 532 curun
784 488 831 534 rr.

191 617 235 702 τῷ
256 613 345 702 ἆνόρλ
364 630 484 702 φαγεῖν.
507 618 524 684 ό
550 617 585 686 δὲ
606 617 724 686 παθόν
742 616 798 706 τὴν
818 620 933 705 βρῶσιν
951 614 1020 700 ἀλλ’
1040 611 1171 704 όοτερον
1190 643 1269 706 γνω-

193 719 265 800 ρίζει
291 717 347 784 τόν
374 718 474 792 naida
494 717 653 802 λειψάνοις
678 729 799 802 μικροῖς
819 713 1056 802 τεκμηράμενος,
1089 719 1141 785 uei
1161 712 1270 792 διώκει

192 817 248 896 τὰς
269 819 410 903 ἀδελφός,
431 825 473 906 τῷ
487 818 582 888 ‘nardi
602 815 849 899 ovyuasa66omr
868 815 972 904 αὐτός.
998 823 1033 886 αῖ
1054 817 1088 896 66
1107 813 1266 916 ηεόγουοι,

192 923 244 988 scal
271 920 343 1000 τοὺς
367 927 539 1006 κρείττονας
574 917 779 1005 αἰτησόμενοι
806 919 1030 1003 πτορόοσονται
1055 924 1097 998 εἰς
1118 918 1270 1010 χελιδόνα

191 1023 293 1111 μὲνὴ
323 1020 449 1108 Πρόκνη
483 1020 665 1108 Φιλομήλα,
698 1021 734 1088 66
759 1025 802 1100 εἰς
829 1017 958 1119 ἆηόόνα.
983 1019 1041 1088 διό
1070 1018 1270 1110 τραχόφοινος

191 1125 248 1207 μέν
276 1128 359 1190 ἐστιν
393 1155 412 1212 η
402 1121 570 1208 “χολιδιό,ν
601 1124 653 1189 καὶ
683 1118 833 1207 ἇηόης
798 1148 836 1188 το
863 1105 955 1204 μέλος
982 1123 1033 1188 ota
1059 1123 1269 1204 ιιολοοοθεῖσο

192 1251 248 1346 τηη
280 1222 426 1310 γλώττης,
462 1228 514 1291 καὶ
548 1251 642 1310 συχνιι
674 1223 729 1292 τὸν
756 1227 859 1318 Τηρέα
880 1223 1148 1348 ὑποτροηολίζοοσοι
1183 1225 1267 1296 κατὰ

193 1321 291 1407 στόμα
312 1328 463 1410 προφέροι,
486 1322 588 1410 ἆηόιόν
611 1323 700 1390 66
668 1350 722 1394 τον
737 1321 817 1390 ’Ὶτιιν
840 1349 896 1390 του
914 1323 1022 1406 μέλους
1043 1325 1268 1455 προβθάλλοται.

195 1426 310 1512 Τηρεὺς
343 1425 378 1492 66
411 1431 454 1504 εἰς
476 1431 579 1494 ἔποπα
613 1427 787 1510 μορφωθείς
826 1431 889 1510 πηςλ
920 1423 982 1512 ἄρα
1008 1431 1085 1494 εἰσιν
1112 1429 1271 1512 ἆναφωνόῖ

194 1525 298 1616 συχνά.
340 1527 487 1596 Procnen
522 1526 626 1594 Terei
654 1550 792 1593 uxorem
818 1497 920 1592 fuiise
947 1525 1080 1594 tradidit
1108 1527 1269 1652 Thucyd.

194 1622 244 1712 Π,
270 1627 324 1713 29.
354 1649 420 1714 quo
442 1628 516 1692 loco
539 1625 582 1692 cf.
603 1625 734 1692 Scholia
760 1638 792 1695 et
819 1624 1027 1714 Interpretes.
1054 1666 1097 1680 -
1139 1631 1268 1718 ἄωρον

193 1725 414 1798 ἐκπεσόντα
434 1735 516 1826 affe·
521 1724 628 1814 ὥρης.
671 1727 739 1812 „At
760 1751 826 1795 non
847 1725 1020 1794 forma
1007 1747 1269 1804 immaturum

195 1827 408 1896 excidisse
428 1831 509 1950 Ityn
524 1830 655 1899 dolebat
676 1845 787 1913 mater,
807 1829 867 1895 sed
887 1829 984 1896 vita.
1029 1828 1139 1920 Την”
1114 1862 1195 1922 ωρην
1209 1861 1269 1904 au-

194 1945 260 1998 tem
272 1958 335 2026 pro
348 1935 414 2003 vita
430 1935 511 2025 poni
531 1949 629 2026 posse
644 1952 710 2002 non
718 1909 842 2006 credo.
863 1934 968 2023 lego
958 1935 1107 2024 igitur
1071 1965 1123 2023 της
1132 1945 1269 2010 ΖΩΗΣ

194 2036 336 2118 [Idem
325 2063 391 2104 ram
411 2039 546 2106 dederat
567 2037 743 2108 Salmasius
762 2038 845 2104 Plin.
867 2038 985 2105 Exere.
1004 2063 1037 2128 p.
1058 2039 1133 2108 787.
1148 2065 1185 2108 a.
1205 2043 1267 2127 D.]

144 2211 148 2222 ¹
194 2137 237 2204 Et
254 2141 323 2206 elus
345 2141 641 2230 quidemdectionis
655 2139 791 2228 vestigia
812 2142 846 2204 in
861 2139 1137 2230 versutsequente‚'
1158 2149 1190 2212 ὁ.
1207 2144 1267 2211 de·
1293 2221 1296 2242 Ι

193 2241 406 2334 prehendisse
428 2243 510 2310 mihi
531 2243 658 2312 videor.
703 2243 899 2332 Exemplum
920 2258 1008 2309 certe
1030 2243 1205 2330 desidero,
1233 2247 1267 2314 in

194 2365 260 2431 quo
290 2342 375 2420 ζώοις
398 2343 447 2428 (iu
470 2346 535 2413 hoc
561 2343 683 2414 scilicet
706 2341 861 2410 orationis
889 2345 1023 2434 genere)
1044 2368 1107 2434 pro
1126 2297 1267 2416 sorniula

190 2445 353 2515 salutandi
366 2460 549 2538 usurpetur
591 2443 839 2513 Verisimilius
828 2445 928 2536 igitur
941 2444 1088 2530 arbitror,
1110 2446 1267 2518 Babrium

192 2546 376 2636 scripsisse,
406 2546 553 2632 φιλτάτη,
575 2554 781 2630 ΧΛΙΡΕΙΣ,
812 2561 844 2612 et
865 2535 1024 2636 syllaba'm
1044 2547 1200 2637 priorem
1210 2559 1266 2624 τοῦ

192 2646 278 2724 ζώοις
300 2671 343 2712 ex
364 2673 462 2716 versu
481 2639 720 2738 praecedenti
709 2647 914 2738 1rrepsisse,
920 2673 1031 2716 errore
1055 2647 1196 2718 librariis
1216 2651 1264 2718 fa-

193 2745 449 2818 miliarissimo·“
493 2749 548 2816 Sic
567 2747 786 2838 Tyrwhittps,
810 2772 908 2836 quem
931 2748 1123 2843 Teucherus
1146 2764 1178 2815 et
1201 2752 1266 2820 Co·

190 2869 264 2921 raes
295 2849 397 2932 secuti
433 2861 517 2926 sunt.
571 2843 709 2914 Retiueo
746 2861 852 2914 tamen
884 2850 1049 2936 vulgatam
1080 2850 1265 2936 lectionem.

184 2941 267 3034 Ὥρα
287 2946 384 3016 enim
418 2948 490 3038 quis
527 2947 652 3014 dubitet
682 2946 934 3038 pulcherrimam
966 2948 1052 3016 vitae
1081 2949 1264 3040 significare

189 3065 346 3146 partem„
366 3047 402 3126 id
433 3065 487 3124 est,
503 3052 622 3126 'aetatis
650 3049 766 3117 florem
794 3065 825 3116 et
850 3049 1023 3118 iuventutis
1046 3047 1184 3123 formam
1206 3053 1265 3129 dag

190 3157 325 3224 coram?
368 3154 456 3221 Vide
473 3156 527 3234 vel
551 3153 783 3242 Thomffblag.
810 3174 843 3243 p.
865 3157 945 3234 299,
974 3155 1005 3218 4.
1035 3152 1087 3218 ed.
1106 3153 1181 3230 Hal.
1205 3159 1265 3244 πρὸ

188 3263 299 3340 μοίρας
327 3256 438 3324 θανών
467 3257 485 3325 6
510 3263 618 3342 βιαίως
639 3255 828 3330 ἀποθανών,
853 3256 917 3342 ’πρὸ
947 3251 1028 3339 όόρας
1050 3257 1084 3324 δὲ
1106 3253 1124 3328 6
1145 3265 1179 3337 ἐν
1199 3258 1264 3328 νεό·

189 3385 267 3444 τητι
312 3356 364 3428 Cf.
384 3357 573 3426 Herodb'tus
591 3359 657 3442 VI,
679 3360 728 3425 61
759 3365 872 3441 Γαμέει
902 3349 935 3426 66
961 3357 999 3446 δη
1029 3388 1082 3444 μιν
1109 3367 1140 3440 ἒς
1161 3361 1264 3447 μα’μοο

190 3453 271 3544 ὥρην
297 3458 482 3546 ἆτοκομέιην
504 3457 632 3546 Ἄγητος
668 3459 792 3540 ὃἈλιιε
781 3460 889 3536 ί.δεω
920 3461 1045 3530 Platon.
1080 3461 1196 3552 Epigr.
1224 3463 1264 3532 V.
1304 3467 1308 3473 ’

190 3559 292 3634 Anth.
314 3559 372 3628 Gr.
397 3561 500 3628 Tum.
521 3559 610 3652 I‚p.
635 3561 705 3628 169

428 3695 553 3779 Σκέψαο
572 3694 628 3780 τὴν
651 3687 730 3778 όλρην
751 3695 791 3770 ὡς
812 3692 1024 3782 ὀλιγοχρόνιος.

170 3799 234 3876 ‘Et
254 3835 352 3900 quem
372 3811 540 3878 lacobsius
561 3811 712 3877 laudavit
727 3809 919 3914 Gal6num
907 3839 941 3880 το
955 3839 1117 3900 προτρεπτ
1110 3840 1158 3882 ..c
1173 3815 1264 3884 VIII.

190 3911 315 3996 ἄμεινον
335 3903 389 3979 οὖν
409 3919 507 3994 ἐστιν,
537 3913 704 3994 ἐγνωκότας
732 3913 802 4000 τήν
828 3903 896 3998 μὲν
924 3921 1135 3999 μειρακίων
1162 3909 1265 4002 ιῖλραν

189 4043 256 4090 τοις
281 4015 399 4102 ἠρινοῖς
422 4013 592 4081 όλνθεοιν
577 4027 726 4098 εοιιιυῖαν,
760 4012 964 4106 ὀλιγοχρόνιον
994 4017 1028 4084 66
1048 4021 1160 4103 τέρψει*
1179 4021 1264 4104 ἔχου,-

76 4119 89 4136 “
189 4143 257 4186 σοιν
281 4117 388 4184 Del
387 4139 478 4184 orma
499 4117 631 4191 decenti
650 4119 791 4208 Dionys.
810 4115 914 4184 Halio.
936 4119 1206 4248 interpretabatur
1225 4121 1265 4185 de

188 4219 271 4311 Lys.
291 4217 360 4286 iud.
381 4220 426 4288 V
449 4220 500 4303 V,
528 4246 560 4310 p.
581 4223 657 4287 473.
678 4221 791 4289 Reislt.
821 4223 1003 4304 λέμωόέ,
988 4223 1037 4288 sul
1058 4218 1192 4299 κάλλους
1212 4225 1265 4306 μὲν

189 4318 345 4404 ηοιμότων,
370 4317 455 4406 1666
482 4315 659 4388 novatoris
683 4322 774 4399 ἐστὶν,
798 4319 816 4392 6
811 4317 1096 4406 ναλοῦμενόόραν.
1136 4307 1294 4394 Eodem.
1329 4345 1330 4396 1

192 4417 334 4510 pertinet
354 4419 451 4486 etiam
473 4419 602 4506 ὦροιος,
626 4418 720 4487 Pind.
745 4419 879 4512 Olymp
899 4419 969 4505 IX,
994 4421 1067 4487 141.
