2684 5038
312 579 508 624 ιιιιιιιιιι.
534 553 753 624 sarronae.
776 579 810 622 ιι.
1062 553 1113 645 61Ι

183 737 187 746 ’
254 692 343 793 llario
364 709 459 787 Νίνος
479 701 526 783 τις1
545 706 679 792 ἐγένεθ’,
702 705 743 785 ὥς
761 703 818 794 e’pul
840 699 930 775 alle.
990 731 992 740 ‘

37 827 261 894 Verumtamen
294 839 502 917 anapaestum
534 822 632 892 etiam
666 822 701 890 in
717 837 845 914 -quarto
871 826 947 905 loco
970 823 1107 894 concedi

38 920 252 1006 demonstrant
273 928 421 1017 exempla
439 924 474 992 in
488 923 565 1020 fab.l
580 923 645 1008 VI,
667 927 698 992 4.
719 927 865 992 collecta.

130 1051 162 1114 ι.
199 1044 287 1112 vau.
314 1044 383 1131 ιαχ.
411 1044 446 1112 ιι
470 1031 567 1128 oeae.
584 1041 631 1109 1..ι
657 1039 750 1141 ..aa
777 1025 983 1132 caesaraeae,
1017 1043 1108 1133 quoa

39 1143 126 1210 Furia
158 1144 383 1235 interpretatus
405 1159 471 1212 est:
504 1142 541 1208 is
561 1162 696 1210 arcum
717 1144 957 1228 intendens3
985 1142 1039 1210 hic
1058 1159 1108 1210 ta·

39 1269 103 1311 men
130 1243 340 1332 significatus
356 1244 508 1329 abhorret
541 1243 581 1308 ab
612 1245 771 1312 vocabalo
801 1247 982 1325 ἐκκυκλοῦν,
1016 1245 1107 1334 quod
1149 1277 1150 1290 ι

40 1345 136 1410 adbuc
167 1342 202 1410 in
232 1344 346 1412 lexicis
376 1343 594 1416 ¹desideratur.
636 1345 737 1414 Recte
768 1344 804 1412 C.
826 1343 1044 1412 Schneiderus
1067 1345 1133 1413 in·

42 1445 197 1512 Indice
169 1470 195 1512 s.
216 1470 246 1513 v
267 1445 449 1513 Ἐκκυκλοῦν
465 1471 522 1527 „aa
512 1437 634 1523 τόξ
619 1465 686 1515 ινιτ
696 1469 806 1514 mcum
824 1446 857 1512 in
880 1446 1035 1515 circulum
1054 1473 1109 1516 re-

12 1545 169 1634 ·digens,
197 1544 388 1636 incurvans,
417 1543 597 1611 intendens.
627 1545 737 1614 Hunc
765 1545 978 1638 significatum
1004 1571 1108 1616 nexus

43 1645 101 1714 loci
127 1648 287 1736 postulat,
325 1668 402 1710 nam
429 1646 566 1712 verbum
583 1647 826 1716 §usualem-
783 1646 880 1714 -·si
912 1671 1049 1737 usquam
1072 1652 1110 1718 in

42 1770 93 1812 usn
120 1745 201 1831 fuit,
237 1745 279 1814 de
303 1744 503 1829 convolutis,
535 1771 619 1838 quae
646 1747 681 1814 in
707 1747 864 1815 circulum
882 1749 1108 1846 extenduntur,
1213 1749 1239 1810 .’
1296 1763 1298 1774 “

43 1872 98 1916 non
131 1849 174 1916 de
210 1844 359 1930 directis,
396 1872 480 1937 quae
507 1849 731 1933 incurvantur,
765 1866 954 1942 usurpatum
979 1853 1110 1924 videtur
1149 1847 1152 1864 ¹

43 1949 144 2018 fuisse.
147 1951 168 1983 “
209 1950 264 2016 De
284 1945 389 2019 metro
408 1975 491 2040 quae
512 1950 697 2042 dispntavit,
718 1975 785 2020 non
807 1977 910 2045 aeque
926 1970 1000 2039 sunt
1019 1980 1108 2025 vera.
1158 1953 1160 1962 '

44 2048 158 2118 Idem
146 2077 180 2118 ιιι
202 2051 346 2120 editione
363 2051 490 2120 minore
507 2078 639 2151 versum
660 2041 805 2122 refinxit:
1111 2059 1119 2076 “
1154 2053 1165 2069 “

236 2167 350 2258 Λαχιόν
371 2167 406 2236 δὲ
422 2175 554 2257 γΦοῖβος
573 2171 624 2240 καὶ
635 2171 674 2239 τό
688 2169 763 2250 τόξα
777 2167 951 2254 κυκλώσας,

47 2313 136 2379 quam
155 2289 190 2362 in
211 2289 430 2358 coniecturam
453 2279 596 2380 quaest
619 2303 723 2357 metro
748 2289 901 2358 satisfacit
931 2306 963 2358 et
981 2308 1110 2361 senten·
1137 2269 1148 2326 ι·
1184 2359 1188 2367 ι

47 2394 119 2476 tiae,
141 2405 255 2482 postea
275 2391 459 2465 inciderunt
481 2406 513 2458 et
534 2392 746 2458 Buttmannus
769 2407 801 2458 et
820 2389 979 2482 Auglus
968 2418 1003 2460 ιιι
1024 2393 1119 2467 Mus..

52 2489 302 2581 Cantabrigiens'i
322 2491 404 2574 (vid.
424 2493 499 2562 len.
512 2481 578 2557 All
591 2491 681 2558 L..Z
698 2517 730 2558 n.
753 2495 831 2577 172,
853 2520 892 2584 p..
907 2479 995 2579 437.)
1038 2495 1112 2562 Du-

47 2587 227 2656 bitantius
216 2604 302 2657 tusto
324 2590 413 2660 idem
435 2590 706 2660 Schneiderus
673 2617 707 2657 το
730 2587 818 2674 τόξον
838 2617 905 2660 non
926 2617 997 2662 esse
1018 2607 1113 2686 sper‘-

49 2691 184 2760 nendum
210 2692 454 2782 pronunciavit,
484 2691 552 2762 vid.
580 2695 751 2762 Annottss
739 2719 773 2761 an
795 2685 860 2762 feb·
879 2696 915 2778 I,
937 2698 968 2764 1.
1010 2695 1113 2784 Quod

52 2793 165 2862 Goraes
187 2794 391 2862 emendarat:
1165 2795 1168 2803 ’

240 2914 355 2998 Λαχὼν
371 2913 405 2981 δὲ
422 2920 542 3001 Φοῖβος
555 2913 591 2982 τό
605 2912 692 2996 τόξον
705 2914 731 2982 τ’
747 2910 950 2998 ἐνκυκλςόσας,
1144 3004 1150 3016 ἱ

50 3032 101 3114 etsi
130 3012 320 3113 ἒτκυκλόσας
354 3019 598 3121 quodammodo
628 3029 732 3122 possit
758 3032 931 3124 explicari,
973 3045 1112 3098 metrum
1146 3036 1150 3046 “

49 3146 145 3200 tamen
161 3131 295 3200 omnino
308 3133 447 3223 respuit..
466 3135 618 3201 Ceterum
631 3133 768 3224 Bergltii
783 3133 840 3218 (cf.
856 3134 977 3200 Anacr.
995 3131 1112 3220 fragm.
1141 3199 1146 3202 .

24 3235 119 3304 ‘XfL
137 3262 174 3327 P,
197 3237 265 3318 97.)
293 3235 329 3302 in
351 3235 491 3304 Himerii
514 3237 605 3330 Orat.
626 3238 725 3319 XIV,
744 3241 776 3303 4.
804 3261 837 3326 p.
861 3237 936 3303 612.
956 3234 1138 3332 Wernsd3
1167 3325 1170 3334 ,
1228 3231 1232 3244 “

50 3337 278 3403 coniecturam:
306 3337 352 3420 ἐφ’
377 3336 430 3415 οὓς
449 3338 488 3404 τό
508 3339 586 3426 βέλη
605 3333 888 3424 ἇγκυλώσεσθτ
914 3359 977 3426 pro
994 3333 1113 3404 ’κυκλώ-

51 3444 137 3504 ueros
163 3439 343 3524 elegantem
370 3438 474 3528 magis
501 3462 572 3505 esse
600 3453 633 3504 et
655 3437 857 3529 ingeniosam
885 3461 981 3526 qnam
1001 3458 1113 3502 veram

52 3535 197 3617 arbitror,
221 3559 294 3610 oum
315 3540 368 3604 vel
384 3538 439 3604 'hic
460 3539 531 3628 ipse
549 3538 661 3604 Babrii
680 3541 771 3606 locus
787 3537 962 3623 dictionem
974 3535 1115 3602 Himerii

50 3634 134 3706 istam
161 3635 340 3708 confirmet.
382 3641 487 3729 Multo
519 3640 681 3707 infelicius
709 3655 926 3708 commentum
952 3637 1111 3731 Bergeri:

247 3754 361 3844 Λαχὼν
379 3755 415 3824 tle'
431 3761 547 3840 Φοῖβος
561 3755 611 3822 ἑόν
630 3754 717 3834 τόξον
729 3783 762 3820 τε
775 3754 943 3831 κυκλώσας.

143 3877 174 3942 6.
194 3867 291 3956 ἐντός]
306 3868 391 3948 ἐκτός
404 3865 603 3937 Meblhornii
619 3869 700 3934 nihil
721 3895 781 3938 nos
799 3869 898 3938 iuvat.
921 3871 1005 3938 Mihi
1018 3895 1114 3964 prae-

51 3983 131 4040 terea
150 3976 225 4043 illat
254 3974 336 4050 ἐντὸς
357 3976 489 4062 ἑσπέροιι
516 3970 615 4060 κήπου
633 3995 749 4064 parum
778 3974 942 4062 eleganter
961 3971 1114 4043 videntur

52 4074 127 4143 dicta
147 4098 228 4146 esse.

142 4184 171 4244 ’7.
217 4177 339 4245 Coraes
375 4189 505 4266 praeter
531 4199 649 4243 vanam
676 4175 886 4245 mutationem
916 4201 990 4246 uum
1016 4176 1114 4246 Furia

52 4279 186 4370 scripsit:

222 4365 276 4430 χὉ
293 4364 365 4438 Ζεὺς
380 4360 414 4428 δὲ
428 4359 539 4446 διαβὰς
553 4358 647 4428 ταύτό
658 4364 768 4444 μέτρον
790 4366 862 4447 ἔστη
880 4359 973 4444 (sio),
1087 4437 1090 4448 Ι

49 4481 112 4569 ἔστη
124 4485 196 4552 Furss
239 4481 307 4552 Ubi
331 4479 425 4547 deest
440 4481 576 4571 syllaba.
619 4479 757 4596 Scripsit
777 4476 907 4568 εἱστήκει
921 4478 959 4546 G.
974 4477 1109 4548 Schnei-
